{"gold_per_floor":[117,130,142,158,158,191,191,5,5,18,48,48,48,59,59,155,155,172,15,0,0,18,50,60,75,75,75,95,95,113,125,125,221,221,237,237,237,63,111,111,139,139,139,139,14,14,14,27,27,27],"floor_reached":51,"playtime":5911,"items_purged":["Strike_G","Decay","Strike_G"],"score":909,"play_id":"e303f74d-f712-46b9-9f95-1c4372066d0b","local_time":"20230212142819","is_ascension_mode":true,"campfire_choices":[{"floor":7.0,"key":"REST"},{"data":"Neutralize","floor":13.0,"key":"SMITH"},{"data":"Dash","floor":15.0,"key":"SMITH"},{"floor":27.0,"key":"REST"},{"floor":32.0,"key":"REST"},{"floor":40.0,"key":"REST"},{"data":"Tactician","floor":42.0,"key":"SMITH"},{"data":"Forethought","floor":44.0,"key":"SMITH"},{"data":"Noxious Fumes","floor":49.0,"key":"SMITH"}],"neow_cost":"NONE","seed_source_timestamp":0,"circlet_count":0,"master_deck":["Strike_G","Strike_G","Strike_G","Defend_G","Defend_G","Defend_G","Defend_G","Defend_G","Survivor","Neutralize+1","Deflect","Footwork","Bane","Blade Dance","Reflex","Dash+1","Accuracy","Dagger Throw","Venomology","PiercingWail","Blade Dance","Adrenaline","Sucker Punch","Infinite Blades","Prepared","Acrobatics","Tactician+1","Choke","Storm of Steel","Backflip+1","Forethought+1","Noxious Fumes+1","Concentrate+1","Madness","Madness","Sucker Punch+1"],"special_seed":0,"relics":["Ring of the Snake","Ninja Scroll","Prayer Wheel","Lizard Tail","Busted Crown","PreservedInsect","Oddly Smooth Stone","Bottled Tornado","WristBlade","Pocketwatch","Pantograph","Ginger"],"potions_floor_usage":[50,50,50],"damage_taken":[{"damage":1.0,"enemies":"Small Slimes","floor":1.0,"turns":4.0},{"damage":0.0,"enemies":"2 Louse","floor":2.0,"turns":4.0},{"damage":0.0,"enemies":"Jaw Worm","floor":3.0,"turns":6.0},{"damage":0.0,"enemies":"Exordium Wildlife","floor":4.0,"turns":5.0},{"damage":26.0,"enemies":"Gremlin Nob","floor":6.0,"turns":5.0},{"damage":1.0,"enemies":"Looter","floor":10.0,"turns":3.0},{"damage":11.0,"enemies":"3 Sentries","floor":11.0,"turns":8.0},{"damage":0.0,"enemies":"2 Fungi Beasts","floor":14.0,"turns":3.0},{"damage":16.0,"enemies":"Slime Boss","floor":16.0,"turns":13.0},{"damage":3.0,"enemies":"2 Thieves","floor":18.0,"turns":3.0},{"damage":0.0,"enemies":"3 Byrds","floor":22.0,"turns":4.0},{"damage":33.0,"enemies":"Gremlin Leader","floor":23.0,"turns":7.0},{"damage":12.0,"enemies":"Snecko","floor":24.0,"turns":6.0},{"damage":5.0,"enemies":"Shelled Parasite and Fungi","floor":25.0,"turns":6.0},{"damage":4.0,"enemies":"Centurion and Healer","floor":28.0,"turns":5.0},{"damage":6.0,"enemies":"3 Cultists","floor":30.0,"turns":5.0},{"damage":1.0,"enemies":"Shelled Parasite and Fungi","floor":31.0,"turns":7.0},{"damage":59.0,"enemies":"Automaton","floor":33.0,"turns":11.0},{"damage":0.0,"enemies":"3 Shapes","floor":35.0,"turns":6.0},{"damage":22.0,"enemies":"2 Orb Walkers","floor":39.0,"turns":5.0},{"damage":1.0,"enemies":"Nemesis","floor":41.0,"turns":3.0},{"damage":4.0,"enemies":"3 Darklings","floor":48.0,"turns":4.0},{"damage":51,"enemies":"Donu and Deca","floor":50,"turns":10}],"seed_played":"9078744050002283582","potions_obtained":[{"floor":1.0,"key":"Explosive Potion"},{"floor":6.0,"key":"EssenceOfSteel"},{"floor":10.0,"key":"FairyPotion"},{"floor":11.0,"key":"Ancient Potion"},{"floor":14.0,"key":"CultistPotion"},{"floor":24.0,"key":"Energy Potion"},{"floor":25.0,"key":"Poison Potion"},{"floor":30.0,"key":"SpeedPotion"},{"floor":31.0,"key":"EntropicBrew"}],"is_trial":false,"path_per_floor":["M","M","M","M","?","E","R","$","T","M","E","$","R","M","R","B",null,"M","$","?","?","M","E","M","M","T","R","M","?","M","M","R","B",null,"M","?","?","$","?","R","E","R","T","R","$","?","$","M","R","B",null],"character_chosen":"THE_SILENT","items_purchased":["Dash","Accuracy","PreservedInsect","Noxious Fumes"],"campfire_rested":4,"item_purchase_floors":[8,8,19,38],"current_hp_per_floor":[69,69,69,69,74,48,72,72,72,71,60,60,60,60,60,44,73,70,70,70,70,70,37,25,20,20,44,40,40,34,33,57,24,68,68,68,68,68,46,70,69,69,69,69,69,59,59,55,55,29],"gold":27,"neow_bonus":"TEN_PERCENT_HP_BONUS","is_prod":false,"is_daily":false,"chose_seed":false,"campfire_upgraded":5,"win_rate":0,"timestamp":1676240899,"path_taken":["M","M","M","M","?","E","R","$","T","M","E","$","R","M","R","BOSS","M","$","?","?","M","E","M","M","T","R","M","?","M","?","R","BOSS","M","?","?","$","?","R","E","R","T","R","?","?","$","M","R","BOSS"],"build_version":"2022-12-18","purchased_purges":3,"victory":true,"max_hp_per_floor":[77,77,77,77,82,82,82,82,82,82,82,82,82,82,82,82,82,82,82,82,82,82,82,82,82,82,82,82,82,82,82,82,82,82,82,82,82,82,82,82,82,82,82,82,82,82,82,82,82,82],"card_choices":[{"not_picked":["Concentrate","PiercingWail"],"picked":"Deflect","floor":1.0},{"not_picked":["Prepared","Choke"],"picked":"Footwork","floor":2.0},{"not_picked":["Finisher","Dodge and Roll"],"picked":"Bane","floor":3.0},{"not_picked":["Eviscerate","Prepared"],"picked":"Blade Dance","floor":4.0},{"not_picked":["Heel Hook","Finisher"],"picked":"Reflex","floor":6.0},{"not_picked":["Deflect","Blade Dance"],"picked":"Dagger Throw","floor":10.0},{"not_picked":["Setup","Eviscerate"],"picked":"Venomology","floor":10.0},{"not_picked":["Concentrate","Phantasmal Killer"],"picked":"PiercingWail","floor":11.0},{"not_picked":["Deadly Poison","Prepared"],"picked":"Blade Dance","floor":14.0},{"not_picked":["Skewer","Heel Hook","Deflect"],"picked":"SKIP","floor":14.0},{"not_picked":["Grand Finale","Envenom"],"picked":"Adrenaline","floor":16.0},{"not_picked":[],"picked":"Sucker Punch","floor":18.0},{"not_picked":["Dagger Spray"],"picked":"SKIP","floor":18.0},{"not_picked":["Blade Dance"],"picked":"SKIP","floor":22.0},{"not_picked":["Quick Slash"],"picked":"SKIP","floor":22.0},{"not_picked":["Outmaneuver"],"picked":"SKIP","floor":23.0},{"not_picked":["Blade Dance"],"picked":"SKIP","floor":24.0},{"not_picked":["Slice"],"picked":"SKIP","floor":24.0},{"not_picked":["Blade Dance"],"picked":"SKIP","floor":25.0},{"not_picked":["Riddle With Holes"],"picked":"SKIP","floor":25.0},{"not_picked":[],"picked":"Prepared","floor":28.0},{"not_picked":["Acrobatics"],"picked":"SKIP","floor":28.0},{"not_picked":[],"picked":"Acrobatics","floor":28.0},{"not_picked":["Blade Dance"],"picked":"SKIP","floor":30.0},{"not_picked":["Deflect"],"picked":"SKIP","floor":30.0},{"not_picked":[],"picked":"Tactician","floor":31.0},{"not_picked":[],"picked":"Choke","floor":31.0},{"not_picked":[],"picked":"Storm of Steel","floor":33.0},{"not_picked":[],"picked":"Backflip+1","floor":35.0},{"not_picked":["Infinite Blades"],"picked":"SKIP","floor":35.0},{"not_picked":[],"picked":"Forethought","floor":36.0},{"not_picked":[],"picked":"Concentrate+1","floor":39.0},{"not_picked":["Setup"],"picked":"SKIP","floor":41.0},{"not_picked":["Concentrate+1"],"picked":"SKIP","floor":48.0},{"not_picked":["Sucker Punch+1"],"picked":"SKIP","floor":48.0},{"not_picked":[],"picked":"Sucker Punch+1","floor":48.0},{"not_picked":["Concentrate+1"],"picked":"SKIP","floor":48.0}],"player_experience":541473,"relics_obtained":[{"floor":6.0,"key":"Ninja Scroll"},{"floor":9.0,"key":"Prayer Wheel"},{"floor":11.0,"key":"Lizard Tail"},{"floor":23.0,"key":"Oddly Smooth Stone"},{"floor":26.0,"key":"Bottled Tornado"},{"floor":39.0,"key":"Pocketwatch"},{"floor":41.0,"key":"Pantograph"},{"floor":43.0,"key":"Ginger"}],"event_choices":[{"damage_healed":0.0,"max_hp_gain":5.0,"max_hp_loss":0.0,"gold_gain":0.0,"event_name":"Big Fish","player_choice":"Donut","floor":5.0,"gold_loss":0.0,"damage_taken":0.0},{"damage_healed":0.0,"max_hp_gain":0.0,"max_hp_loss":0.0,"gold_gain":0.0,"event_name":"Masked Bandits","player_choice":"Paid Fearfully","floor":20.0,"gold_loss":15.0,"damage_taken":0.0},{"damage_healed":0.0,"max_hp_gain":0.0,"max_hp_loss":0.0,"gold_gain":0.0,"event_name":"The Library","player_choice":"Read","floor":21.0,"gold_loss":0.0,"damage_taken":0.0,"cards_obtained":["Infinite Blades"]},{"damage_healed":0.0,"max_hp_gain":0.0,"max_hp_loss":0.0,"gold_gain":0.0,"event_name":"Forgotten Altar","player_choice":"Smashed Altar","floor":29.0,"gold_loss":0.0,"damage_taken":0.0,"cards_obtained":["Decay"]},{"damage_healed":0.0,"max_hp_gain":0.0,"max_hp_loss":0.0,"gold_gain":0.0,"event_name":"SensoryStone","player_choice":"Memory 1","floor":36.0,"gold_loss":0.0,"damage_taken":0.0},{"damage_healed":0.0,"max_hp_gain":0.0,"max_hp_loss":0.0,"gold_gain":0.0,"event_name":"Tomb of Lord Red Mask","player_choice":"Ignored","floor":37.0,"gold_loss":0.0,"damage_taken":0.0},{"damage_healed":0.0,"max_hp_gain":0.0,"max_hp_loss":0.0,"gold_gain":0.0,"event_name":"Mysterious Sphere","player_choice":"Fight","floor":39.0,"gold_loss":0.0,"damage_taken":0.0},{"damage_healed":0.0,"max_hp_gain":0.0,"max_hp_loss":0.0,"gold_gain":0.0,"event_name":"Winding Halls","player_choice":"Embrace Madness","floor":46.0,"gold_loss":0.0,"damage_taken":10.0,"cards_obtained":["Madness","Madness"]}],"is_beta":false,"boss_relics":[{"not_picked":["SlaversCollar","HoveringKite"],"picked":"Busted Crown"},{"not_picked":["Empty Cage","Black Star"],"picked":"WristBlade"}],"items_purged_floors":[8,38,45],"is_endless":false,"potions_floor_spawned":[1,6,10,11,14,24,25,30,31,39,41],"ascension_level":7}