{"gold_per_floor":[116,129,149,3,3,3,24,24,24,24,41,61,61,96,96,96],"floor_reached":16,"playtime":1038,"items_purged":["Defend_G"],"score":150,"play_id":"e2d80781-a6d4-4b8f-8f2b-f8a805d4f3a7","local_time":"20230302163527","is_ascension_mode":true,"campfire_choices":[{"data":"Envenom","floor":6.0,"key":"SMITH"},{"data":"Footwork","floor":8.0,"key":"SMITH"},{"floor":13,"key":"REST"},{"data":"Night Terror","floor":15,"key":"SMITH"}],"neow_cost":"NONE","seed_source_timestamp":164247717661900,"circlet_count":0,"master_deck":["AscendersBane","Strike_G","Strike_G","Strike_G","Defend_G","Defend_G","Defend_G","Defend_G","Survivor","Neutralize","Envenom+1","Cloak And Dagger","Slice","PiercingWail","Leg Sweep","Footwork+1","Blade Dance","Night Terror+1"],"special_seed":0,"relics":["Ring of the Snake","Odd Mushroom","The Courier","Tiny Chest"],"potions_floor_usage":[16],"damage_taken":[{"damage":0.0,"enemies":"2 Louse","floor":1.0,"turns":2.0},{"damage":1.0,"enemies":"Small Slimes","floor":2.0,"turns":6.0},{"damage":2.0,"enemies":"Jaw Worm","floor":3.0,"turns":4.0},{"damage":11.0,"enemies":"The Mushroom Lair","floor":7.0,"turns":7.0},{"damage":47,"enemies":"Gremlin Gang","floor":11,"turns":7},{"damage":4,"enemies":"3 Louse","floor":12,"turns":4},{"damage":1,"enemies":"Lagavulin","floor":14,"turns":9},{"damage":40,"enemies":"Hexaghost","floor":16,"turns":16}],"seed_played":"-2107240409796359994","potions_obtained":[{"floor":2.0,"key":"FairyPotion"},{"floor":3.0,"key":"Weak Potion"},{"floor":12,"key":"SmokeBomb"}],"is_trial":false,"path_per_floor":["M","M","M","$","?","R","?","R","T","$","M","M","R","E","R","B"],"character_chosen":"THE_SILENT","items_purchased":["Leg Sweep"],"campfire_rested":1,"item_purchase_floors":[4],"current_hp_per_floor":[63,62,60,60,60,60,49,49,49,49,2,20,41,40,40,0],"gold":96,"neow_bonus":"TRANSFORM_CARD","is_prod":false,"is_daily":false,"chose_seed":false,"campfire_upgraded":3,"win_rate":0,"timestamp":1677803727,"path_taken":["M","M","M","$","?","R","?","R","T","$","M","M","R","E","R","BOSS"],"build_version":"2022-12-18","purchased_purges":1,"victory":false,"max_hp_per_floor":[70,70,70,70,70,70,70,70,70,70,70,70,70,70,70,70],"card_choices":[{"not_picked":["Quick Slash","Bane"],"picked":"Cloak And Dagger","floor":1.0},{"not_picked":["Prepared","Acrobatics"],"picked":"Slice","floor":2.0},{"not_picked":["Backstab","Deflect"],"picked":"PiercingWail","floor":3.0},{"not_picked":["Backstab","Finisher"],"picked":"Footwork","floor":7.0},{"not_picked":["Concentrate","Dodge and Roll"],"picked":"Blade Dance","floor":11},{"not_picked":["Sucker Punch","Choke"],"picked":"Night Terror","floor":12},{"not_picked":["Flechettes","Bane","Tools of the Trade"],"picked":"SKIP","floor":14}],"player_experience":648419,"relics_obtained":[{"floor":7.0,"key":"Odd Mushroom"},{"floor":9.0,"key":"The Courier"},{"floor":14,"key":"Tiny Chest"}],"event_choices":[{"cards_removed":["Strike_G"],"damage_healed":0.0,"max_hp_gain":0.0,"max_hp_loss":0.0,"gold_gain":0.0,"event_name":"Living Wall","player_choice":"Forget","floor":5.0,"gold_loss":0.0,"damage_taken":0.0},{"damage_healed":0.0,"max_hp_gain":0.0,"max_hp_loss":0.0,"gold_gain":0.0,"event_name":"Mushrooms","player_choice":"Fought Mushrooms","floor":7.0,"gold_loss":0.0,"damage_taken":0.0}],"is_beta":false,"boss_relics":[],"items_purged_floors":[4],"is_endless":false,"potions_floor_spawned":[2,3,12],"killed_by":"Hexaghost","ascension_level":10}