{"gold_per_floor":[119,119,136,148,165,194,194,13,87,112,112,122,133,153,153,253,253,272,347,154,171,0,27,27,40,40,40,70,82,98,125,125,220,220,238,42,62,62,75,75],"floor_reached":40,"playtime":6464,"items_purged":["Strike_G","Strike_G","Defend_G","Strike_G"],"score":616,"play_id":"7ac4ec4f-6afc-4034-99be-359c4f82acba","local_time":"20230221223708","is_ascension_mode":true,"campfire_choices":[{"floor":7.0,"key":"REST"},{"floor":11.0,"key":"REST"},{"data":"Crippling Poison","floor":15.0,"key":"SMITH"},{"floor":24.0,"key":"REST"},{"floor":27.0,"key":"REST"},{"floor":32.0,"key":"REST"}],"neow_cost":"NONE","seed_source_timestamp":0,"circlet_count":0,"master_deck":["Defend_G+1","Defend_G","Defend_G","Survivor","Neutralize","Poisoned Stab+1","Crippling Poison+1","Dagger Throw","Backflip","Unload","Prepared","Adrenaline","Well Laid Plans","Predator+1","Footwork+1","Calculated Gamble","Night Terror","Bullet Time","PiercingWail","Apotheosis","Tactician","Eviscerate+1","Poisoned Stab+1"],"special_seed":0,"relics":["Ring of the Serpent","Nunchaku","Tough Bandages","Membership Card","HornCleat","Blood Vial","Empty Cage","Gambling Chip","Tiny Chest","Ninja Scroll","Orichalcum","Boot"],"potions_floor_usage":[40],"damage_taken":[{"damage":5.0,"enemies":"Small Slimes","floor":1.0,"turns":7.0},{"damage":0.0,"enemies":"2 Louse","floor":3.0,"turns":3.0},{"damage":0.0,"enemies":"Cultist","floor":4.0,"turns":3.0},{"damage":9.0,"enemies":"Exordium Thugs","floor":5.0,"turns":5.0},{"damage":7.0,"enemies":"Lagavulin","floor":6.0,"turns":5.0},{"damage":18.0,"enemies":"3 Sentries","floor":10.0,"turns":9.0},{"damage":5.0,"enemies":"Lots of Slimes","floor":12.0,"turns":3.0},{"damage":0.0,"enemies":"Large Slime","floor":13.0,"turns":5.0},{"damage":2.0,"enemies":"3 Louse","floor":14.0,"turns":4.0},{"damage":15.0,"enemies":"The Guardian","floor":16.0,"turns":15.0},{"damage":9.0,"enemies":"Shell Parasite","floor":18.0,"turns":8.0},{"damage":10.0,"enemies":"Spheric Guardian","floor":21.0,"turns":4.0},{"damage":19.0,"enemies":"Book of Stabbing","floor":23.0,"turns":6.0},{"damage":7.0,"enemies":"3 Cultists","floor":25.0,"turns":6.0},{"damage":24.0,"enemies":"Gremlin Leader","floor":28.0,"turns":6.0},{"damage":0.0,"enemies":"Shelled Parasite and Fungi","floor":29.0,"turns":5.0},{"damage":0.0,"enemies":"Cultist and Chosen","floor":30.0,"turns":5.0},{"damage":27.0,"enemies":"Automaton","floor":33.0,"turns":13.0},{"damage":0.0,"enemies":"Orb Walker","floor":35.0,"turns":3.0},{"damage":0.0,"enemies":"3 Darklings","floor":37.0,"turns":4.0},{"damage":0.0,"enemies":"Sphere and 2 Shapes","floor":39.0,"turns":6.0},{"damage":71,"enemies":"Giant Head","floor":40,"turns":10}],"seed_played":"4321515824737813516","potions_obtained":[{"floor":3.0,"key":"Fire Potion"},{"floor":4.0,"key":"CunningPotion"},{"floor":5.0,"key":"CunningPotion"},{"floor":12.0,"key":"FearPotion"},{"floor":18.0,"key":"LiquidBronze"},{"floor":28.0,"key":"Ancient Potion"},{"floor":29.0,"key":"Block Potion"},{"floor":33.0,"key":"Fire Potion"},{"floor":37.0,"key":"SpeedPotion"},{"floor":39.0,"key":"Block Potion"}],"is_trial":false,"path_per_floor":["M","?","M","M","M","E","R","$","T","E","R","M","M","M","R","B",null,"M","?","$","M","$","E","R","M","T","R","E","M","M","T","R","B",null,"M","$","M","?","M","E"],"character_chosen":"THE_SILENT","items_purchased":["Membership Card","Gambling Chip","Adrenaline","Well Laid Plans","Apotheosis","Tactician"],"campfire_rested":5,"item_purchase_floors":[8,20,22,22,36,36],"current_hp_per_floor":[58,44,44,44,35,28,49,49,49,31,52,49,51,51,51,38,62,55,48,48,40,40,23,44,39,39,60,38,40,42,42,63,38,62,64,64,66,66,68,0],"gold":75,"neow_bonus":"RANDOM_COMMON_RELIC","is_prod":false,"is_daily":false,"chose_seed":false,"campfire_upgraded":1,"win_rate":0,"timestamp":1677047828,"path_taken":["M","?","M","M","M","E","R","$","T","E","R","M","M","M","R","BOSS","M","?","?","M","$","E","R","?","T","R","E","M","?","?","R","BOSS","M","$","M","?","M","E"],"build_version":"2022-12-18","purchased_purges":4,"victory":false,"max_hp_per_floor":[70,70,70,70,70,70,70,70,70,70,70,70,70,70,70,70,70,70,70,70,70,70,70,70,70,70,70,70,70,70,70,70,70,70,70,70,70,70,70,70],"card_choices":[{"not_picked":["Blur","Caltrops"],"picked":"Poisoned Stab","floor":1.0},{"not_picked":["Sucker Punch","Outmaneuver","Acrobatics"],"picked":"SKIP","floor":3.0},{"not_picked":["Catalyst","Distraction"],"picked":"Crippling Poison","floor":4.0},{"not_picked":["Reflex","Prepared","Dagger Spray"],"picked":"SKIP","floor":5.0},{"not_picked":["Deflect","Footwork"],"picked":"Dagger Throw","floor":6.0},{"not_picked":["A Thousand Cuts","Flechettes","Slice"],"picked":"SKIP","floor":10.0},{"not_picked":["Backstab","Underhanded Strike"],"picked":"Backflip","floor":12.0},{"not_picked":["Catalyst","Quick Slash","Dagger Throw"],"picked":"SKIP","floor":13.0},{"not_picked":["Infinite Blades","Riddle With Holes","Heel Hook"],"picked":"SKIP","floor":14.0},{"not_picked":["Infinite Blades","Riddle With Holes","Heel Hook"],"picked":"SKIP","floor":14.0},{"not_picked":["Storm of Steel","Glass Knife"],"picked":"Unload","floor":16.0},{"not_picked":["Outmaneuver+1","Flying Knee"],"picked":"Prepared","floor":18.0},{"not_picked":["Slice","Infinite Blades+1","Distraction+1"],"picked":"SKIP","floor":21.0},{"not_picked":["Masterful Stab","Bane","Dodge and Roll"],"picked":"SKIP","floor":23.0},{"not_picked":["Endless Agony","Dagger Throw+1"],"picked":"Predator+1","floor":25.0},{"not_picked":["Bane+1","Acrobatics+1"],"picked":"Footwork+1","floor":28.0},{"not_picked":["Concentrate","Caltrops"],"picked":"Calculated Gamble","floor":29.0},{"not_picked":["Infinite Blades","Deadly Poison"],"picked":"Night Terror","floor":30.0},{"not_picked":["Burst","Storm of Steel"],"picked":"Bullet Time","floor":33.0},{"not_picked":["Slice","Infinite Blades"],"picked":"PiercingWail","floor":35.0},{"not_picked":["Dodge and Roll","Setup"],"picked":"Eviscerate+1","floor":37.0},{"not_picked":["Poisoned Stab+1","Predator","Cloak And Dagger"],"picked":"SKIP","floor":39.0},{"not_picked":["Predator","Cloak And Dagger"],"picked":"Poisoned Stab+1","floor":39.0}],"player_experience":603751,"relics_obtained":[{"floor":6.0,"key":"Tough Bandages"},{"floor":9.0,"key":"HornCleat"},{"floor":10.0,"key":"Blood Vial"},{"floor":23.0,"key":"Tiny Chest"},{"floor":26.0,"key":"Ninja Scroll"},{"floor":28.0,"key":"Orichalcum"},{"floor":31.0,"key":"Boot"}],"event_choices":[{"damage_healed":0.0,"max_hp_gain":0.0,"max_hp_loss":0.0,"gold_gain":0.0,"event_name":"Shining Light","player_choice":"Entered Light","floor":2.0,"gold_loss":0.0,"damage_taken":14.0,"cards_upgraded":["Poisoned Stab","Defend_G"]},{"damage_healed":0.0,"max_hp_gain":0.0,"max_hp_loss":0.0,"gold_gain":75.0,"event_name":"FaceTrader","player_choice":"Touch","floor":19.0,"gold_loss":0.0,"damage_taken":7.0},{"cards_removed":["Strike_G"],"damage_healed":0.0,"max_hp_gain":0.0,"max_hp_loss":0.0,"gold_gain":0.0,"event_name":"Falling","player_choice":"Removed Attack","floor":38.0,"gold_loss":0.0,"damage_taken":0.0}],"is_beta":false,"boss_relics":[{"not_picked":["Velvet Choker","Snecko Eye"],"picked":"Empty Cage"},{"not_picked":["HoveringKite","SacredBark"],"picked":"Ring of the Serpent"}],"items_purged_floors":[8,20,22,36],"is_endless":false,"potions_floor_spawned":[3,4,5,12,18,28,29,33,37,39],"killed_by":"Giant Head","ascension_level":8}