{"gold_per_floor":[11,11,21,37,57,89,89,89,163,163,163,163,163,183,183,288,288,308,308,321,336,75,75,75,75,75,102,102,114,125,158,158,259,259,273,286,299,349,20,20,51,51,74,94,94,123,137,0,0,0],"floor_reached":51,"playtime":3746,"items_purged":["Strike_G"],"score":1323,"play_id":"b8865c10-9cbf-4cd9-85ac-72260e68ce38","local_time":"20230222144004","is_ascension_mode":true,"campfire_choices":[{"floor":8.0,"key":"REST"},{"data":"Terror","floor":10.0,"key":"SMITH"},{"floor":12.0,"key":"DIG"},{"floor":15.0,"key":"REST"},{"floor":23.0,"key":"REST"},{"data":"Leg Sweep","floor":25.0,"key":"SMITH"},{"floor":28.0,"key":"REST"},{"floor":32.0,"key":"REST"},{"data":"1","floor":40.0,"key":"LIFT"},{"data":"2","floor":42,"key":"LIFT"},{"floor":49,"key":"REST"}],"neow_cost":"NO_GOLD","seed_source_timestamp":0,"circlet_count":0,"master_deck":["Strike_G+1","Strike_G+1","Defend_G","Defend_G","Defend_G+1","Defend_G","Survivor","Neutralize+1","Riddle With Holes+1","Terror+1","Escape Plan","Corpse Explosion","Adrenaline","Poisoned Stab+1","Leg Sweep+1","Thinking Ahead","Writhe","Venomology","PiercingWail+1","Dagger Spray+1","After Image","Choke+1","Backflip+1","Footwork","Predator+1","Apotheosis","Bouncing Flask+1","Writhe","Tactician"],"special_seed":0,"relics":["Ring of the Serpent","Shovel","Molten Egg 2","Bronze Scales","Snake Skull","Pocketwatch","Whetstone","PreservedInsect","Paper Crane","Snecko Eye","Girya","Strange Spoon","Happy Flower","Boot","Ninja Scroll","Red Mask"],"potions_floor_usage":[44,44,46,46,46,50,50,50],"damage_taken":[{"damage":1.0,"enemies":"Small Slimes","floor":1.0,"turns":5.0},{"damage":0.0,"enemies":"Cultist","floor":3.0,"turns":4.0},{"damage":0.0,"enemies":"2 Louse","floor":4.0,"turns":2.0},{"damage":1.0,"enemies":"Blue Slaver","floor":5.0,"turns":3.0},{"damage":22.0,"enemies":"Gremlin Nob","floor":6.0,"turns":4.0},{"damage":0.0,"enemies":"Looter","floor":14.0,"turns":2.0},{"damage":14.0,"enemies":"Slime Boss","floor":16.0,"turns":9.0},{"damage":4.0,"enemies":"Chosen","floor":18.0,"turns":4.0},{"damage":15.0,"enemies":"Spheric Guardian","floor":20.0,"turns":5.0},{"damage":11.0,"enemies":"Snake Plant","floor":21.0,"turns":4.0},{"damage":16.0,"enemies":"Book of Stabbing","floor":27.0,"turns":7.0},{"damage":1.0,"enemies":"Snecko","floor":29.0,"turns":5.0},{"damage":0.0,"enemies":"Centurion and Healer","floor":30.0,"turns":3.0},{"damage":0.0,"enemies":"Gremlin Leader","floor":31.0,"turns":4.0},{"damage":36.0,"enemies":"Collector","floor":33.0,"turns":10.0},{"damage":3.0,"enemies":"Orb Walker","floor":35.0,"turns":4.0},{"damage":17.0,"enemies":"3 Darklings","floor":36.0,"turns":4.0},{"damage":2.0,"enemies":"Spire Growth","floor":37.0,"turns":5.0},{"damage":0.0,"enemies":"Mind Bloom Boss Battle","floor":38.0,"turns":6.0},{"damage":0.0,"enemies":"Reptomancer","floor":41.0,"turns":3.0},{"damage":2,"enemies":"Maw","floor":44,"turns":6},{"damage":25,"enemies":"Giant Head","floor":46,"turns":6},{"damage":0,"enemies":"3 Darklings","floor":47,"turns":2},{"damage":41,"enemies":"Awakened One","floor":50,"turns":13}],"seed_played":"2912658436744059894","potions_obtained":[{"floor":4.0,"key":"GamblersBrew"},{"floor":5.0,"key":"Weak Potion"},{"floor":14.0,"key":"AttackPotion"},{"floor":27.0,"key":"Dexterity Potion"},{"floor":29.0,"key":"AttackPotion"},{"floor":31.0,"key":"Explosive Potion"},{"floor":36.0,"key":"Ancient Potion"},{"floor":44,"key":"Swift Potion"}],"is_trial":false,"path_per_floor":["M","?","M","M","M","E","?","R","T","R","?","R","T","M","R","B",null,"M","?","M","M","$","R","?","R","T","E","R","M","M","E","R","B",null,"M","M","M","?","$","R","E","R","T","M","?","E","M","?","R","B",null],"character_chosen":"THE_SILENT","items_purchased":["Thinking Ahead","Strange Spoon","Apotheosis"],"campfire_rested":6,"item_purchase_floors":[22,39,39],"current_hp_per_floor":[62,62,62,62,61,39,39,60,60,60,46,46,46,46,67,53,66,62,49,34,23,23,45,45,45,45,29,51,50,50,50,72,36,65,62,45,43,43,43,43,43,43,43,41,60,35,35,35,57,16],"gold":0,"neow_bonus":"REMOVE_TWO","is_prod":false,"is_daily":false,"chose_seed":false,"campfire_upgraded":2,"win_rate":0,"timestamp":1677105604,"path_taken":["M","?","M","M","?","E","?","R","T","R","?","R","?","?","R","BOSS","M","?","M","M","$","R","?","R","T","E","R","M","M","E","R","BOSS","M","M","M","?","$","R","E","R","T","M","?","E","M","?","R","BOSS"],"build_version":"2022-12-18","purchased_purges":1,"victory":true,"max_hp_per_floor":[70,70,70,70,70,70,70,70,70,70,70,70,70,70,70,70,70,70,75,75,75,75,75,75,75,75,75,75,75,75,75,75,75,75,75,75,75,75,75,75,75,75,75,75,75,75,75,75,75,75],"card_choices":[{"not_picked":["Slice","Quick Slash"],"picked":"Riddle With Holes","floor":1.0},{"not_picked":["Riddle With Holes","Catalyst"],"picked":"Terror","floor":3.0},{"not_picked":["Prepared","Deflect","Dagger Spray"],"picked":"SKIP","floor":4.0},{"not_picked":["Expertise","Prepared"],"picked":"Escape Plan","floor":5.0},{"not_picked":["Crippling Poison","Dagger Throw"],"picked":"Corpse Explosion","floor":6.0},{"not_picked":["Riddle With Holes+1","Reflex","Dodge and Roll"],"picked":"SKIP","floor":14.0},{"not_picked":["Storm of Steel","Burst"],"picked":"Adrenaline","floor":16.0},{"not_picked":["Flying Knee+1","Endless Agony+1"],"picked":"Poisoned Stab+1","floor":18.0},{"not_picked":["Finisher+1","Deflect","Backstab+1"],"picked":"SKIP","floor":20.0},{"not_picked":["Deadly Poison","Accuracy"],"picked":"Leg Sweep","floor":21.0},{"not_picked":["Infinite Blades","Underhanded Strike+1"],"picked":"Venomology","floor":27.0},{"not_picked":["Distraction","Finisher+1","Blade Dance"],"picked":"SKIP","floor":29.0},{"not_picked":["Crippling Poison","Deflect"],"picked":"PiercingWail+1","floor":30.0},{"not_picked":["Setup","Bane+1"],"picked":"Dagger Spray+1","floor":31.0},{"not_picked":["Die Die Die+1","Venomology"],"picked":"After Image","floor":33.0},{"not_picked":["Dagger Throw+1","Acrobatics+1"],"picked":"Choke+1","floor":35.0},{"not_picked":["Sucker Punch+1","Dagger Throw+1"],"picked":"Backflip+1","floor":36.0},{"not_picked":["Backflip+1","Setup+1"],"picked":"Footwork","floor":37.0},{"not_picked":["Acrobatics","Well Laid Plans"],"picked":"Predator+1","floor":38.0},{"not_picked":["Deflect","Well Laid Plans+1"],"picked":"Bouncing Flask+1","floor":41.0},{"not_picked":["Slice+1","Backflip+1","Deflect+1"],"picked":"SKIP","floor":44},{"not_picked":["Backstab+1","Outmaneuver+1"],"picked":"Tactician","floor":46},{"not_picked":["Deadly Poison","Unload+1","Underhanded Strike+1"],"picked":"SKIP","floor":47}],"player_experience":615639,"relics_obtained":[{"floor":6.0,"key":"Shovel"},{"floor":9.0,"key":"Molten Egg 2"},{"floor":12.0,"key":"Bronze Scales"},{"floor":13.0,"key":"Snake Skull"},{"floor":26.0,"key":"Whetstone"},{"floor":27.0,"key":"PreservedInsect"},{"floor":31.0,"key":"Paper Crane"},{"floor":38.0,"key":"Girya"},{"floor":41.0,"key":"Happy Flower"},{"floor":43,"key":"Boot"},{"floor":46,"key":"Ninja Scroll"}],"event_choices":[{"damage_healed":0.0,"max_hp_gain":0.0,"max_hp_loss":0.0,"gold_gain":0.0,"event_name":"Accursed Blacksmith","player_choice":"Forge","floor":2.0,"gold_loss":0.0,"damage_taken":0.0,"cards_upgraded":["Neutralize"]},{"cards_removed":["Strike_G"],"damage_healed":0.0,"max_hp_gain":0.0,"max_hp_loss":0.0,"gold_gain":0.0,"event_name":"Living Wall","player_choice":"Forget","floor":7.0,"gold_loss":0.0,"damage_taken":0.0},{"damage_healed":0.0,"max_hp_gain":0.0,"max_hp_loss":0.0,"gold_gain":0.0,"event_name":"Shining Light","player_choice":"Entered Light","floor":11.0,"gold_loss":0.0,"damage_taken":14.0,"cards_upgraded":["Riddle With Holes","Defend_G"]},{"damage_healed":0.0,"max_hp_gain":5.0,"max_hp_loss":0.0,"gold_gain":0.0,"event_name":"Forgotten Altar","player_choice":"Shed Blood","floor":19.0,"gold_loss":0.0,"damage_taken":18.0},{"damage_healed":0.0,"max_hp_gain":0.0,"max_hp_loss":0.0,"gold_gain":0.0,"event_name":"The Mausoleum","player_choice":"Opened","floor":24.0,"gold_loss":0.0,"damage_taken":0.0,"relics_obtained":["Pocketwatch"],"cards_obtained":["Writhe"]},{"damage_healed":0.0,"max_hp_gain":0.0,"max_hp_loss":0.0,"gold_gain":0.0,"event_name":"MindBloom","player_choice":"Fight","floor":38.0,"gold_loss":0.0,"damage_taken":0.0},{"damage_healed":19,"gold_gain":0,"player_choice":"Writhe","damage_taken":0,"max_hp_gain":0,"max_hp_loss":0,"event_name":"Winding Halls","floor":45,"gold_loss":0,"cards_obtained":["Writhe"]},{"damage_healed":0,"gold_gain":0,"player_choice":"Paid","damage_taken":0,"relics_obtained":["Red Mask"],"max_hp_gain":0,"max_hp_loss":0,"event_name":"Tomb of Lord Red Mask","floor":48,"gold_loss":137}],"is_beta":false,"boss_relics":[{"not_picked":["Runic Dome","Coffee Dripper"],"picked":"Ring of the Serpent"},{"not_picked":["SacredBark","WristBlade"],"picked":"Snecko Eye"}],"items_purged_floors":[22],"is_endless":false,"potions_floor_spawned":[4,5,14,27,29,31,36,37,44],"ascension_level":8}