{"gold_per_floor":[117,117,117,142,19,62,86,86,86,14,57,80,104,77,77,203,203,222,222,242,255,31,60,77,77,77,109,109,24,55,66,66,170,170,183,183,28,43,53,78,78,109,109,121,134,148,159,186,186,186],"floor_reached":51,"playtime":5146,"items_purged":["Injury","Finisher"],"score":1479,"play_id":"65851ea5-321d-4ecb-ac59-f03de1e4110e","local_time":"20230303001843","is_ascension_mode":true,"campfire_choices":[{"data":"Corpse Explosion","floor":8.0,"key":"SMITH"},{"floor":15.0,"key":"REST"},{"data":"Neutralize","floor":25.0,"key":"SMITH"},{"data":"Calculated Gamble","floor":32.0,"key":"SMITH"},{"floor":41.0,"key":"REST"},{"floor":49,"key":"RECALL"}],"neow_cost":"NONE","seed_source_timestamp":0,"circlet_count":0,"master_deck":["AscendersBane","Survivor","Neutralize+1","Dagger Throw","Backflip","Corpse Explosion+1","Dagger Spray","Dash","Prepared","Noxious Fumes+1","Adrenaline","Backstab","Venomology","Adrenaline","Adrenaline","Phantasmal Killer","Choke","Footwork+1","Adrenaline","Blur","Backflip","PiercingWail+1","Acrobatics+1","Sadistic Nature+1","Well Laid Plans+1","After Image+1","Calculated Gamble+1","Expertise+1","Bullet Time","After Image+1","Escape Plan","Blur+1","Crippling Poison+1","Blade Dance+1","Eviscerate+1","Catalyst"],"special_seed":0,"relics":["Ring of the Snake","NeowsBlessing","Bloody Idol","Frozen Egg 2","Smiling Mask","Nunchaku","Pandora\u0027s Box","Meat on the Bone","Ninja Scroll","HornCleat","Bottled Lightning","Fusion Hammer","Orrery","Singing Bowl","InkBottle","Kunai","Tingsha"],"potions_floor_usage":[50,50,50,50,50],"damage_taken":[{"damage":0.0,"enemies":"Cultist","floor":1.0,"turns":1.0},{"damage":0.0,"enemies":"Jaw Worm","floor":4.0,"turns":1.0},{"damage":0.0,"enemies":"3 Sentries","floor":6.0,"turns":2.0},{"damage":1.0,"enemies":"Small Slimes","floor":7.0,"turns":5.0},{"damage":18.0,"enemies":"Lagavulin","floor":11.0,"turns":8.0},{"damage":0.0,"enemies":"Red Slaver","floor":12.0,"turns":5.0},{"damage":0.0,"enemies":"2 Fungi Beasts","floor":13.0,"turns":2.0},{"damage":11.0,"enemies":"Exordium Thugs","floor":14.0,"turns":5.0},{"damage":33.0,"enemies":"Hexaghost","floor":16.0,"turns":9.0},{"damage":1.0,"enemies":"3 Byrds","floor":18.0,"turns":3.0},{"damage":0.0,"enemies":"2 Thieves","floor":20.0,"turns":4.0},{"damage":0.0,"enemies":"Snake Plant","floor":21.0,"turns":3.0},{"damage":14.0,"enemies":"Slavers","floor":23.0,"turns":5.0},{"damage":16.0,"enemies":"Sentry and Sphere","floor":24.0,"turns":5.0},{"damage":2.0,"enemies":"Gremlin Leader","floor":27.0,"turns":5.0},{"damage":18.0,"enemies":"Book of Stabbing","floor":30.0,"turns":5.0},{"damage":0.0,"enemies":"Shelled Parasite and Fungi","floor":31.0,"turns":5.0},{"damage":0.0,"enemies":"Collector","floor":33.0,"turns":6.0},{"damage":0.0,"enemies":"3 Shapes","floor":35.0,"turns":3.0},{"damage":0.0,"enemies":"3 Darklings","floor":38.0,"turns":4.0},{"damage":0.0,"enemies":"Spire Growth","floor":39.0,"turns":5.0},{"damage":0.0,"enemies":"Nemesis","floor":40.0,"turns":7.0},{"damage":0,"enemies":"Giant Head","floor":42,"turns":9},{"damage":0,"enemies":"Writhing Mass","floor":44,"turns":6},{"damage":0,"enemies":"Sphere and 2 Shapes","floor":45,"turns":4},{"damage":0,"enemies":"3 Darklings","floor":46,"turns":1},{"damage":0,"enemies":"4 Shapes","floor":47,"turns":4},{"damage":0,"enemies":"Reptomancer","floor":48,"turns":5},{"damage":3,"enemies":"Awakened One","floor":50,"turns":15}],"seed_played":"-811350068396193071","potions_obtained":[{"floor":4.0,"key":"Swift Potion"},{"floor":11.0,"key":"Fruit Juice"},{"floor":12.0,"key":"Fruit Juice"},{"floor":14.0,"key":"PowerPotion"},{"floor":18.0,"key":"Energy Potion"},{"floor":20.0,"key":"LiquidMemories"},{"floor":23.0,"key":"EntropicBrew"},{"floor":30.0,"key":"Fruit Juice"},{"floor":33.0,"key":"Fire Potion"},{"floor":38.0,"key":"SkillPotion"}],"is_trial":false,"path_per_floor":["M","?","?","M","$","E","M","R","T","$","E","M","M","M","R","B",null,"M","?","M","M","$","E","M","R","T","E","?","$","E","M","R","B",null,"M","?","$","M","M","E","R","E","T","M","M","M","M","E","R","B",null],"character_chosen":"THE_SILENT","items_purchased":["Backflip","Dash","Sadistic Nature+1","Well Laid Plans+1","Calculated Gamble","Orrery"],"campfire_rested":2,"item_purchase_floors":[5,10,22,22,29,37],"current_hp_per_floor":[63,68,68,68,68,68,67,67,67,67,54,59,59,48,73,40,74,73,73,83,85,85,76,65,65,65,83,83,83,75,80,80,85,89,90,90,90,90,90,92,92,92,92,94,94,94,96,98,98,95],"gold":186,"neow_bonus":"THREE_ENEMY_KILL","is_prod":false,"is_daily":false,"chose_seed":false,"campfire_upgraded":3,"win_rate":0,"timestamp":1677831523,"path_taken":["M","?","?","M","$","E","M","R","T","?","E","M","?","M","R","BOSS","M","?","M","M","$","E","M","R","T","E","?","$","E","M","R","BOSS","M","?","$","M","M","E","R","E","T","M","M","M","M","E","R","BOSS"],"build_version":"2022-12-18","purchased_purges":2,"victory":true,"max_hp_per_floor":[70,75,75,75,75,75,75,75,75,75,80,85,85,85,85,85,85,85,85,85,85,85,85,85,85,85,85,85,85,90,90,90,90,90,90,90,90,90,90,92,92,92,92,94,94,94,96,98,98,98],"card_choices":[{"not_picked":["Quick Slash","Poisoned Stab","Sucker Punch"],"picked":"SKIP","floor":1.0},{"not_picked":["Sucker Punch","Deflect"],"picked":"Dagger Throw","floor":4.0},{"not_picked":["Prepared","Masterful Stab"],"picked":"Corpse Explosion","floor":6.0},{"not_picked":["Accuracy+1","Cloak And Dagger"],"picked":"Dagger Spray","floor":7.0},{"not_picked":["Quick Slash","Choke"],"picked":"Prepared","floor":11.0},{"not_picked":["Outmaneuver","Flying Knee"],"picked":"Noxious Fumes+1","floor":12.0},{"not_picked":["Underhanded Strike","Sucker Punch","Outmaneuver"],"picked":"SKIP","floor":13.0},{"not_picked":["Cloak And Dagger","PiercingWail"],"picked":"Deadly Poison","floor":14.0},{"not_picked":["Wraith Form v2+1","Corpse Explosion"],"picked":"Adrenaline","floor":16.0},{"not_picked":["Acrobatics+1","Deflect"],"picked":"Backflip","floor":18.0},{"not_picked":["Dagger Spray+1","Acrobatics+1"],"picked":"PiercingWail+1","floor":20.0},{"not_picked":["Flying Knee","Concentrate"],"picked":"Acrobatics+1","floor":21.0},{"not_picked":["Blade Dance","All Out Attack","Bane"],"picked":"SKIP","floor":23.0},{"not_picked":["Poisoned Stab","Deflect+1"],"picked":"After Image+1","floor":24.0},{"not_picked":["Blade Dance+1","Heel Hook","Die Die Die"],"picked":"SKIP","floor":27.0},{"not_picked":["Deadly Poison","Prepared","Acrobatics"],"picked":"SKIP","floor":30.0},{"not_picked":["Underhanded Strike","PiercingWail"],"picked":"Expertise+1","floor":31.0},{"not_picked":["Phantasmal Killer","Storm of Steel"],"picked":"Bullet Time","floor":33.0},{"not_picked":["Sucker Punch","Deadly Poison+1","Backstab"],"picked":"SKIP","floor":35.0},{"not_picked":["Setup+1","Slice"],"picked":"After Image+1","floor":37.0},{"not_picked":["Acrobatics+1","Bane+1"],"picked":"Escape Plan","floor":37.0},{"not_picked":["Setup","Caltrops+1"],"picked":"Blur+1","floor":37.0},{"not_picked":["PiercingWail","Wraith Form v2+1"],"picked":"Crippling Poison+1","floor":37.0},{"not_picked":["Cloak And Dagger+1","Caltrops+1","Deflect+1"],"picked":"SKIP","floor":38.0},{"not_picked":["Prepared+1","Sucker Punch+1","Quick Slash+1"],"picked":"SKIP","floor":39.0},{"not_picked":["Underhanded Strike+1","Dagger Throw+1","Choke+1"],"picked":"Singing Bowl","floor":40.0},{"not_picked":["Endless Agony+1","Deadly Poison"],"picked":"Blade Dance+1","floor":42},{"not_picked":["Deflect+1","Backflip+1","Expertise+1"],"picked":"Singing Bowl","floor":44},{"not_picked":["Bane+1","Dodge and Roll+1"],"picked":"Eviscerate+1","floor":45},{"not_picked":["Dash","Sucker Punch"],"picked":"Catalyst","floor":46},{"not_picked":["Finisher+1","Poisoned Stab","Unload"],"picked":"Singing Bowl","floor":47},{"not_picked":["PiercingWail","Acrobatics+1","Blade Dance"],"picked":"Singing Bowl","floor":48}],"player_experience":652328,"relics_obtained":[{"floor":6.0,"key":"Frozen Egg 2"},{"floor":9.0,"key":"Smiling Mask"},{"floor":11.0,"key":"Nunchaku"},{"floor":23.0,"key":"Meat on the Bone"},{"floor":26.0,"key":"Ninja Scroll"},{"floor":27.0,"key":"HornCleat"},{"floor":30.0,"key":"Bottled Lightning"},{"floor":40.0,"key":"Singing Bowl"},{"floor":42,"key":"InkBottle"},{"floor":43,"key":"Kunai"},{"floor":48,"key":"Tingsha"}],"event_choices":[{"damage_healed":0.0,"max_hp_gain":5.0,"max_hp_loss":0.0,"gold_gain":0.0,"event_name":"Big Fish","player_choice":"Donut","floor":2.0,"gold_loss":0.0,"damage_taken":0.0},{"damage_healed":0.0,"max_hp_gain":0.0,"max_hp_loss":0.0,"gold_gain":0.0,"event_name":"Golden Idol","player_choice":"Take Wound","floor":3.0,"gold_loss":0.0,"damage_taken":0.0,"relics_obtained":["Golden Idol"],"cards_obtained":["Injury"]},{"damage_healed":0.0,"max_hp_gain":0.0,"max_hp_loss":0.0,"gold_gain":0.0,"event_name":"Forgotten Altar","player_choice":"Gave Idol","floor":19.0,"relics_lost":["Golden Idol"],"gold_loss":0.0,"damage_taken":0.0,"relics_obtained":["Bloody Idol"]},{"damage_healed":0.0,"max_hp_gain":0.0,"max_hp_loss":0.0,"gold_gain":0.0,"event_name":"The Woman in Blue","player_choice":"Bought 0 Potions","floor":28.0,"gold_loss":0.0,"damage_taken":0.0},{"cards_removed":["Deadly Poison"],"damage_healed":0.0,"max_hp_gain":0.0,"max_hp_loss":0.0,"gold_gain":0.0,"event_name":"Falling","player_choice":"Removed Skill","floor":36.0,"gold_loss":0.0,"damage_taken":0.0}],"is_beta":false,"boss_relics":[{"not_picked":["SlaversCollar","Black Star"],"picked":"Pandora\u0027s Box"},{"not_picked":["Velvet Choker","Busted Crown"],"picked":"Fusion Hammer"}],"items_purged_floors":[5,29],"is_endless":false,"potions_floor_spawned":[4,11,12,14,18,20,23,30,33,38,39,47,48],"ascension_level":10}