{"gold_per_floor":[20,37,55,5,23,23,49,63,117,117,117,117,130,145,145,243,243,262,262,187,199,218,218,228,228,228,228,238,238],"floor_reached":29,"playtime":1810,"items_purged":["Defend_G"],"score":344,"play_id":"bb55ecc5-9cb5-41d2-a91e-e7739d2c4429","local_time":"20230302191453","is_ascension_mode":true,"campfire_choices":[{"data":"Neutralize","floor":6.0,"key":"SMITH"},{"floor":10.0,"key":"REST"},{"data":"Tactician","floor":12.0,"key":"SMITH"},{"data":"Deadly Poison","floor":15.0,"key":"SMITH"},{"floor":23,"key":"REST"},{"floor":25,"key":"REST"},{"floor":27,"key":"REST"}],"neow_cost":"NO_GOLD","seed_source_timestamp":172611586521900,"circlet_count":0,"master_deck":["AscendersBane","Strike_G","Defend_G","Defend_G","Defend_G","Survivor","Neutralize+1","Dagger Spray","Blade Dance","Deadly Poison+1","Tactician+1","Backflip","Adrenaline","Skewer","Endless Agony","Blur","Setup+1","Blur+1"],"special_seed":0,"relics":["Ring of the Snake","Omamori","Juzu Bracelet","Snecko Eye","InkBottle"],"potions_floor_usage":[],"damage_taken":[{"damage":0.0,"enemies":"Small Slimes","floor":1.0,"turns":5.0},{"damage":0.0,"enemies":"Cultist","floor":2.0,"turns":4.0},{"damage":0.0,"enemies":"2 Louse","floor":3.0,"turns":2.0},{"damage":9.0,"enemies":"2 Fungi Beasts","floor":5.0,"turns":3.0},{"damage":19.0,"enemies":"3 Sentries","floor":7.0,"turns":7.0},{"damage":0.0,"enemies":"Exordium Wildlife","floor":8.0,"turns":3.0},{"damage":0.0,"enemies":"Exordium Thugs","floor":13.0,"turns":3.0},{"damage":2.0,"enemies":"Red Slaver","floor":14.0,"turns":3.0},{"damage":40.0,"enemies":"Slime Boss","floor":16.0,"turns":11.0},{"damage":0.0,"enemies":"3 Byrds","floor":18.0,"turns":3.0},{"damage":11.0,"enemies":"2 Thieves","floor":21.0,"turns":4.0},{"damage":23,"enemies":"Snake Plant","floor":22,"turns":7},{"damage":31,"enemies":"Shelled Parasite and Fungi","floor":24,"turns":8},{"damage":21,"enemies":"Cultist and Chosen","floor":28,"turns":8},{"damage":41,"enemies":"Sentry and Sphere","floor":29,"turns":7}],"seed_played":"-4565475364167985959","potions_obtained":[{"floor":2.0,"key":"PowerPotion"},{"floor":3.0,"key":"Ancient Potion"},{"floor":14.0,"key":"FearPotion"},{"floor":18.0,"key":"BlessingOfTheForge"}],"is_trial":false,"path_per_floor":["M","M","M","?","M","R","E","M","T","R","?","R","M","M","R","B",null,"M","?","$","M","M","R","M","R","T","R","M","M"],"character_chosen":"THE_SILENT","items_purchased":[],"campfire_rested":4,"item_purchase_floors":[],"current_hp_per_floor":[63,63,63,63,54,54,35,35,35,56,56,56,56,54,54,14,56,56,56,56,45,22,43,12,33,33,54,33,0],"gold":238,"neow_bonus":"REMOVE_TWO","is_prod":false,"is_daily":false,"chose_seed":false,"campfire_upgraded":3,"win_rate":0,"timestamp":1677813293,"path_taken":["M","M","M","?","M","R","E","M","T","R","?","R","M","M","R","BOSS","M","?","$","M","M","R","M","R","T","R","M","M"],"build_version":"2022-12-18","purchased_purges":1,"victory":false,"max_hp_per_floor":[70,70,70,70,70,70,70,70,70,70,70,70,70,70,70,70,70,70,70,70,70,70,70,70,70,70,70,70,70],"card_choices":[{"not_picked":["Infinite Blades","Prepared"],"picked":"Dagger Spray","floor":1.0},{"not_picked":["Prepared","PiercingWail"],"picked":"Blade Dance","floor":2.0},{"not_picked":["Riddle With Holes","Leg Sweep"],"picked":"Deadly Poison","floor":3.0},{"not_picked":["All Out Attack","Flying Knee","Slice"],"picked":"SKIP","floor":5.0},{"not_picked":["Poisoned Stab","Outmaneuver"],"picked":"Tactician","floor":7.0},{"not_picked":["Grand Finale","Deadly Poison","Riddle With Holes"],"picked":"SKIP","floor":8.0},{"not_picked":["Escape Plan","Flying Knee"],"picked":"Backflip","floor":13.0},{"not_picked":["Tools of the Trade","Dodge and Roll","Deflect"],"picked":"SKIP","floor":14.0},{"not_picked":["Bullet Time","Glass Knife"],"picked":"Adrenaline","floor":16.0},{"not_picked":["Dodge and Roll+1","Underhanded Strike"],"picked":"Skewer","floor":18.0},{"not_picked":["Deflect","Cloak And Dagger+1"],"picked":"Blur","floor":21.0},{"not_picked":["All Out Attack","Blade Dance","Backstab"],"picked":"SKIP","floor":22},{"not_picked":["Flying Knee","Outmaneuver"],"picked":"Setup+1","floor":24},{"not_picked":["Outmaneuver","Distraction+1"],"picked":"Blur+1","floor":28}],"player_experience":650518,"relics_obtained":[{"floor":7.0,"key":"Omamori"},{"floor":9.0,"key":"Juzu Bracelet"},{"floor":26,"key":"InkBottle"}],"event_choices":[{"cards_removed":["Strike_G"],"damage_healed":0.0,"max_hp_gain":0.0,"max_hp_loss":0.0,"gold_gain":0.0,"event_name":"The Cleric","player_choice":"Card Removal","floor":4.0,"gold_loss":50.0,"damage_taken":0.0},{"cards_removed":["Strike_G"],"damage_healed":0.0,"max_hp_gain":0.0,"max_hp_loss":0.0,"gold_gain":0.0,"event_name":"Bonfire Elementals","player_choice":"Offered Basic","floor":11.0,"gold_loss":0.0,"damage_taken":0.0},{"damage_healed":0.0,"max_hp_gain":0.0,"max_hp_loss":0.0,"gold_gain":0.0,"cards_transformed":["Strike_G"],"event_name":"Transmorgrifier","player_choice":"Transformed","floor":19.0,"gold_loss":0.0,"damage_taken":0.0,"cards_obtained":["Endless Agony"]}],"is_beta":false,"boss_relics":[{"not_picked":["Velvet Choker","Runic Dome"],"picked":"Snecko Eye"}],"items_purged_floors":[20],"is_endless":false,"potions_floor_spawned":[2,3,14,18],"killed_by":"Sentry and Sphere","ascension_level":10}