{"gold_per_floor":[111,128,144,144,164,164,198,213,237,237,237,5,34,46,46,120,120,139,153,153,173,173,173,203,203,203,235,235,84,119,138,138,217,217,232,252,52,63,83,83,108,108,108,128,144,144,170,181,181,181],"floor_reached":51,"playtime":5464,"items_purged":["Dagger Throw"],"score":1273,"play_id":"28669d2f-fc15-422a-a110-8a0b8cbb5c4f","local_time":"20230313221018","is_ascension_mode":true,"campfire_choices":[{"data":"Glass Knife","floor":6.0,"key":"SMITH"},{"data":"Bouncing Flask","floor":11.0,"key":"SMITH"},{"data":"Leg Sweep","floor":15.0,"key":"SMITH"},{"data":"Burst","floor":23.0,"key":"SMITH"},{"data":"A Thousand Cuts","floor":25.0,"key":"SMITH"},{"data":"Malaise","floor":28.0,"key":"SMITH"},{"floor":32.0,"key":"REST"},{"data":"Night Terror","floor":40,"key":"SMITH"},{"data":"Adrenaline","floor":42,"key":"SMITH"},{"floor":49,"key":"REST"}],"neow_cost":"NONE","seed_source_timestamp":0,"circlet_count":0,"master_deck":["AscendersBane","Survivor","Neutralize","Glass Knife+1","Backflip","Prepared","Backstab","Bouncing Flask+1","PiercingWail","Leg Sweep+1","Burst+1","Malaise+1","Choke","Doppelganger","Adrenaline+1","PiercingWail","Glass Knife","A Thousand Cuts+1","Storm of Steel","Outmaneuver","Deflect","Cloak And Dagger","Catalyst","Backflip","Night Terror+1","Prepared","Terror+1","Deadly Poison","Concentrate+1","Prepared","Secret Technique"],"special_seed":0,"relics":["Ring of the Snake","Oddly Smooth Stone","Blood Vial","Medical Kit","Bag of Preparation","Pandora\u0027s Box","Nilry\u0027s Codex","Strawberry","Shuriken","Regal Pillow","Prayer Wheel","HoveringKite","Happy Flower","Calipers","Juzu Bracelet"],"potions_floor_usage":[47,47,48],"damage_taken":[{"damage":0.0,"enemies":"Small Slimes","floor":1.0,"turns":4.0},{"damage":0.0,"enemies":"2 Louse","floor":2.0,"turns":2.0},{"damage":1.0,"enemies":"Jaw Worm","floor":3.0,"turns":3.0},{"damage":5.0,"enemies":"2 Fungi Beasts","floor":5.0,"turns":5.0},{"damage":10.0,"enemies":"3 Sentries","floor":7.0,"turns":8.0},{"damage":0.0,"enemies":"3 Louse","floor":8.0,"turns":2.0},{"damage":0.0,"enemies":"Gremlin Nob","floor":13.0,"turns":3.0},{"damage":0.0,"enemies":"Exordium Wildlife","floor":14.0,"turns":2.0},{"damage":6.0,"enemies":"Hexaghost","floor":16.0,"turns":11.0},{"damage":7.0,"enemies":"Chosen","floor":18.0,"turns":7.0},{"damage":0.0,"enemies":"2 Thieves","floor":19.0,"turns":5.0},{"damage":0.0,"enemies":"Centurion and Healer","floor":21.0,"turns":6.0},{"damage":3.0,"enemies":"Slavers","floor":24.0,"turns":7.0},{"damage":13.0,"enemies":"Book of Stabbing","floor":27.0,"turns":6.0},{"damage":0.0,"enemies":"Gremlin Leader","floor":30.0,"turns":6.0},{"damage":5.0,"enemies":"Shelled Parasite and Fungi","floor":31.0,"turns":6.0},{"damage":26.0,"enemies":"Collector","floor":33.0,"turns":12.0},{"damage":3.0,"enemies":"3 Darklings","floor":35.0,"turns":12.0},{"damage":0.0,"enemies":"3 Shapes","floor":36.0,"turns":3.0},{"damage":0.0,"enemies":"Writhing Mass","floor":38.0,"turns":5.0},{"damage":4,"enemies":"Maw","floor":39,"turns":6},{"damage":0,"enemies":"Mind Bloom Boss Battle","floor":41,"turns":4},{"damage":0,"enemies":"Transient","floor":44,"turns":5},{"damage":13,"enemies":"3 Darklings","floor":45,"turns":4},{"damage":19,"enemies":"Giant Head","floor":47,"turns":8},{"damage":0,"enemies":"4 Shapes","floor":48,"turns":5},{"damage":14,"enemies":"Awakened One","floor":50,"turns":23}],"seed_played":"-7354143923607794634","potions_obtained":[{"floor":2.0,"key":"GamblersBrew"},{"floor":3.0,"key":"DuplicationPotion"},{"floor":8.0,"key":"Poison Potion"},{"floor":14.0,"key":"Fruit Juice"},{"floor":16.0,"key":"DuplicationPotion"},{"floor":24.0,"key":"LiquidBronze"},{"floor":36.0,"key":"Poison Potion"},{"floor":39,"key":"GhostInAJar"},{"floor":41,"key":"FearPotion"},{"floor":47,"key":"SkillPotion"}],"is_trial":false,"path_per_floor":["M","M","M","?","M","R","E","M","T","?","R","$","E","M","R","B",null,"M","M","?","M","?","R","E","R","T","E","R","$","E","M","R","B",null,"M","M","$","M","M","R","?","R","T","M","M","?","E","M","R","B",null],"character_chosen":"THE_SILENT","items_purchased":["Medical Kit","Leg Sweep","DuplicationPotion","Prepared","Happy Flower"],"campfire_rested":2,"item_purchase_floors":[12,12,29,37,37],"current_hp_per_floor":[59,59,58,58,53,53,43,43,43,30,30,30,32,39,39,35,62,57,59,43,45,45,45,51,51,51,40,40,40,42,39,77,52,72,71,73,73,75,73,73,75,75,75,77,65,65,48,50,78,64],"gold":181,"neow_bonus":"ONE_RANDOM_RARE_CARD","is_prod":false,"is_daily":false,"chose_seed":false,"campfire_upgraded":8,"win_rate":0,"timestamp":1678770618,"path_taken":["M","M","M","?","M","R","E","M","T","?","R","$","E","M","R","BOSS","M","M","?","M","?","R","E","R","T","E","R","$","E","?","R","BOSS","M","M","$","M","M","R","?","R","T","M","M","?","E","M","R","BOSS"],"build_version":"2022-12-18","purchased_purges":1,"victory":true,"max_hp_per_floor":[66,66,66,66,66,66,66,66,66,66,66,66,66,71,71,71,71,71,71,71,71,71,71,78,78,78,78,78,78,78,78,78,78,78,78,78,78,78,78,78,78,78,78,78,78,78,78,78,78,78],"card_choices":[{"not_picked":["Blade Dance","Deadly Poison"],"picked":"Dagger Throw","floor":1.0},{"not_picked":["Dagger Spray","Quick Slash"],"picked":"Backflip","floor":2.0},{"not_picked":["Underhanded Strike","Riddle With Holes"],"picked":"Prepared","floor":3.0},{"not_picked":["Blade Dance","Choke"],"picked":"Backstab","floor":5.0},{"not_picked":["Flying Knee","Envenom"],"picked":"Bouncing Flask","floor":7.0},{"not_picked":["Outmaneuver","Slice"],"picked":"PiercingWail","floor":8.0},{"not_picked":["Wraith Form v2","Prepared","Bouncing Flask"],"picked":"SKIP","floor":13.0},{"not_picked":["Acrobatics","Predator","Underhanded Strike"],"picked":"SKIP","floor":14.0},{"not_picked":["Bullet Time","Grand Finale"],"picked":"Burst","floor":16.0},{"not_picked":["Flying Knee","Bouncing Flask","Dagger Throw+1"],"picked":"SKIP","floor":18.0},{"not_picked":["Distraction","Noxious Fumes"],"picked":"Cloak And Dagger","floor":19.0},{"not_picked":["Endless Agony","Acrobatics","Blade Dance"],"picked":"SKIP","floor":21.0},{"not_picked":["Deadly Poison","Bouncing Flask","Sucker Punch"],"picked":"SKIP","floor":24.0},{"not_picked":["Tools of the Trade","Deflect","Choke"],"picked":"SKIP","floor":27.0},{"not_picked":["Poisoned Stab","Catalyst","Dodge and Roll+1"],"picked":"SKIP","floor":30.0},{"not_picked":["Poisoned Stab","Dodge and Roll+1"],"picked":"Catalyst","floor":30.0},{"not_picked":["Underhanded Strike+1","Deadly Poison"],"picked":"Backflip","floor":31.0},{"not_picked":["Dagger Spray","Bane","Finisher"],"picked":"SKIP","floor":31.0},{"not_picked":["Dagger Spray","Bane","Finisher"],"picked":"SKIP","floor":31.0},{"not_picked":["Storm of Steel","Corpse Explosion"],"picked":"Night Terror","floor":33.0},{"not_picked":["Deflect","Infinite Blades","Bane"],"picked":"SKIP","floor":35.0},{"not_picked":["Dodge and Roll","Blade Dance","Bouncing Flask"],"picked":"SKIP","floor":35.0},{"not_picked":["Caltrops","PiercingWail","Flying Knee"],"picked":"SKIP","floor":36.0},{"not_picked":["Concentrate","Bane+1","Blade Dance"],"picked":"SKIP","floor":36.0},{"not_picked":["Deflect","Blade Dance+1"],"picked":"Terror+1","floor":38.0},{"not_picked":["Backflip","Slice"],"picked":"Deadly Poison","floor":38.0},{"not_picked":["Slice+1","Crippling Poison","Deadly Poison"],"picked":"SKIP","floor":39},{"not_picked":["Poisoned Stab","Flying Knee+1","Skewer"],"picked":"SKIP","floor":39},{"not_picked":["Slice+1","Crippling Poison","Deadly Poison"],"picked":"SKIP","floor":39},{"not_picked":["Poisoned Stab","Flying Knee+1","Skewer"],"picked":"SKIP","floor":39},{"not_picked":["Sucker Punch+1","Venomology"],"picked":"Concentrate+1","floor":41},{"not_picked":["Distraction","Underhanded Strike"],"picked":"Prepared","floor":44},{"not_picked":["Dagger Throw","Deflect","Quick Slash"],"picked":"SKIP","floor":44},{"not_picked":["Heel Hook","Deadly Poison+1","Poisoned Stab"],"picked":"SKIP","floor":45},{"not_picked":["Flying Knee","Masterful Stab","Prepared"],"picked":"SKIP","floor":45},{"not_picked":["Dark Shackles","Impatience"],"picked":"Secret Technique","floor":46},{"not_picked":["Terror","Underhanded Strike","Dagger Spray"],"picked":"SKIP","floor":47},{"not_picked":["Deadly Poison","Eviscerate","Slice"],"picked":"SKIP","floor":48},{"not_picked":["Dagger Spray","Outmaneuver","Prepared"],"picked":"SKIP","floor":48}],"player_experience":722017,"relics_obtained":[{"floor":7.0,"key":"Oddly Smooth Stone"},{"floor":9.0,"key":"Blood Vial"},{"floor":13.0,"key":"Bag of Preparation"},{"floor":20.0,"key":"Nilry\u0027s Codex"},{"floor":24.0,"key":"Strawberry"},{"floor":26.0,"key":"Shuriken"},{"floor":27.0,"key":"Regal Pillow"},{"floor":30.0,"key":"Prayer Wheel"},{"floor":41,"key":"Calipers"},{"floor":47,"key":"Juzu Bracelet"}],"event_choices":[{"damage_healed":0.0,"max_hp_gain":0.0,"max_hp_loss":0.0,"gold_gain":0.0,"event_name":"Liars Game","player_choice":"Ignored","floor":4.0,"gold_loss":0.0,"damage_taken":0.0},{"damage_healed":0.0,"max_hp_gain":0.0,"max_hp_loss":0.0,"gold_gain":0.0,"event_name":"Shining Light","player_choice":"Entered Light","floor":10.0,"gold_loss":0.0,"damage_taken":13.0,"cards_upgraded":["Defend_G","Strike_G"]},{"damage_healed":0.0,"max_hp_gain":0.0,"max_hp_loss":0.0,"gold_gain":0.0,"event_name":"Cursed Tome","player_choice":"Obtained Book","floor":20.0,"gold_loss":0.0,"damage_taken":16.0},{"damage_healed":0.0,"max_hp_gain":0.0,"max_hp_loss":0.0,"gold_gain":0.0,"event_name":"Ghosts","player_choice":"Ignored","floor":22.0,"gold_loss":0.0,"damage_taken":0.0},{"damage_healed":0,"gold_gain":0,"player_choice":"Fight","damage_taken":0,"max_hp_gain":0,"max_hp_loss":0,"event_name":"MindBloom","floor":41,"gold_loss":0},{"damage_healed":0,"gold_gain":0,"player_choice":"Memory 1","damage_taken":0,"max_hp_gain":0,"max_hp_loss":0,"event_name":"SensoryStone","floor":46,"gold_loss":0}],"is_beta":false,"boss_relics":[{"not_picked":["SlaversCollar","SacredBark"],"picked":"Pandora\u0027s Box"},{"not_picked":["Velvet Choker","Black Star"],"picked":"HoveringKite"}],"items_purged_floors":[29],"is_endless":false,"potions_floor_spawned":[2,3,8,14,16,19,21,24,36,39,41,45,47],"ascension_level":14}