{"gold_per_floor":[118,132,207,219,27,62,62,88,112,62,62,77,87,103,103,182,182,201,201,0,0,14,49,49,73,73,73,73],"floor_reached":28,"playtime":1289,"items_purged":["Decay"],"score":486,"play_id":"3e85fc15-5945-4f8c-8da6-3845d57f01a8","local_time":"20230311005707","is_ascension_mode":true,"campfire_choices":[{"floor":7.0,"key":"REST"},{"floor":11.0,"key":"REST"},{"floor":15.0,"key":"REST"},{"data":"Burst","floor":24,"key":"SMITH"},{"data":"Calculated Gamble","floor":27,"key":"SMITH"}],"neow_cost":"NONE","seed_source_timestamp":372517112716300,"circlet_count":0,"master_deck":["AscendersBane","Strike_G","Strike_G","Strike_G","Strike_G","Defend_G","Defend_G","Defend_G","Defend_G","Defend_G","Survivor","Neutralize","Dagger Throw","Deadly Poison","Dagger Throw","Footwork","Backflip","Calculated Gamble+1","Dagger Spray","Burst+1","Backflip","Ghostly","Ghostly","Ghostly","Ghostly","Ghostly","Terror","Calculated Gamble"],"special_seed":0,"relics":["Ring of the Snake","NeowsBlessing","Membership Card","Snake Skull","Tiny Chest","Juzu Bracelet","HoveringKite","Gremlin Horn","Strawberry","PreservedInsect","Bottled Lightning"],"potions_floor_usage":[],"damage_taken":[{"damage":0.0,"enemies":"Cultist","floor":1.0,"turns":1.0},{"damage":0.0,"enemies":"Jaw Worm","floor":2.0,"turns":1.0},{"damage":0.0,"enemies":"Small Slimes","floor":4.0,"turns":1.0},{"damage":17.0,"enemies":"Lagavulin","floor":6.0,"turns":10.0},{"damage":33.0,"enemies":"3 Sentries","floor":8.0,"turns":12.0},{"damage":8.0,"enemies":"2 Fungi Beasts","floor":12.0,"turns":4.0},{"damage":0.0,"enemies":"Exordium Wildlife","floor":13.0,"turns":3.0},{"damage":8.0,"enemies":"Blue Slaver","floor":14.0,"turns":4.0},{"damage":16.0,"enemies":"The Guardian","floor":16.0,"turns":13.0},{"damage":25.0,"enemies":"Spheric Guardian","floor":18.0,"turns":8.0},{"damage":2.0,"enemies":"2 Thieves","floor":22.0,"turns":4.0},{"damage":0.0,"enemies":"Slavers","floor":23.0,"turns":11.0},{"damage":37,"enemies":"3 Cultists","floor":28,"turns":4}],"seed_played":"8489911421732792416","potions_obtained":[{"floor":1.0,"key":"SkillPotion"},{"floor":8.0,"key":"Fire Potion"},{"floor":14.0,"key":"Poison Potion"}],"is_trial":false,"path_per_floor":["M","M","?","M","$","E","R","E","T","?","R","M","M","M","R","B",null,"M","?","$","?","M","E","R","T","T","R","M"],"character_chosen":"THE_SILENT","items_purchased":["Membership Card","Footwork","Gremlin Horn","GamblersBrew"],"campfire_rested":3,"item_purchase_floors":[5,5,20,20],"current_hp_per_floor":[59,59,53,53,53,36,55,22,22,22,41,33,33,25,44,28,57,32,32,32,32,30,37,37,37,37,37,0],"gold":73,"neow_bonus":"THREE_ENEMY_KILL","is_prod":false,"is_daily":false,"chose_seed":false,"campfire_upgraded":2,"win_rate":0,"timestamp":1678525027,"path_taken":["M","?","?","M","$","E","R","E","T","?","R","M","M","M","R","BOSS","M","?","$","?","M","E","R","?","T","R","M"],"build_version":"2022-12-18","purchased_purges":1,"victory":false,"max_hp_per_floor":[66,66,66,66,66,66,66,66,66,66,66,66,66,66,66,66,66,66,66,66,33,33,40,40,40,40,40,40],"card_choices":[{"not_picked":["Expertise","Dodge and Roll"],"picked":"Dagger Throw","floor":1.0},{"not_picked":["Slice","Sucker Punch"],"picked":"Deadly Poison","floor":2.0},{"not_picked":["PiercingWail","Deflect"],"picked":"Dagger Throw","floor":4.0},{"not_picked":["Caltrops","Dodge and Roll","Doppelganger"],"picked":"SKIP","floor":6.0},{"not_picked":["Calculated Gamble","Prepared"],"picked":"Backflip","floor":8.0},{"not_picked":["Distraction","Dodge and Roll"],"picked":"Calculated Gamble","floor":12.0},{"not_picked":["Blur","Backstab"],"picked":"Dagger Spray","floor":13.0},{"not_picked":["Concentrate","Flying Knee","Setup"],"picked":"SKIP","floor":14.0},{"not_picked":["Concentrate","Flying Knee","Setup"],"picked":"SKIP","floor":14.0},{"not_picked":["Envenom","Doppelganger"],"picked":"Burst","floor":16.0},{"not_picked":["Flying Knee","Underhanded Strike"],"picked":"Backflip","floor":18.0},{"not_picked":["Cloak And Dagger","Endless Agony"],"picked":"Terror","floor":22.0},{"not_picked":["Endless Agony","Expertise"],"picked":"Calculated Gamble","floor":23.0}],"player_experience":707833,"relics_obtained":[{"floor":6.0,"key":"Snake Skull"},{"floor":8.0,"key":"Tiny Chest"},{"floor":9.0,"key":"Juzu Bracelet"},{"floor":23.0,"key":"Strawberry"},{"floor":25,"key":"PreservedInsect"},{"floor":26,"key":"Bottled Lightning"}],"event_choices":[{"damage_healed":0.0,"max_hp_gain":0.0,"max_hp_loss":0.0,"gold_gain":75.0,"event_name":"FaceTrader","player_choice":"Touch","floor":3.0,"gold_loss":0.0,"damage_taken":6.0},{"cards_removed":["Strike_G"],"damage_healed":0.0,"max_hp_gain":0.0,"max_hp_loss":0.0,"gold_gain":0.0,"event_name":"The Cleric","player_choice":"Card Removal","floor":10.0,"gold_loss":50.0,"damage_taken":0.0},{"damage_healed":0.0,"max_hp_gain":0.0,"max_hp_loss":0.0,"gold_gain":0.0,"event_name":"Forgotten Altar","player_choice":"Smashed Altar","floor":19.0,"gold_loss":0.0,"damage_taken":0.0,"cards_obtained":["Decay"]},{"damage_healed":0.0,"max_hp_gain":0.0,"max_hp_loss":33.0,"gold_gain":0.0,"event_name":"Ghosts","player_choice":"Became a Ghost","floor":21.0,"gold_loss":0.0,"damage_taken":0.0,"cards_obtained":["Ghostly","Ghostly","Ghostly","Ghostly","Ghostly"]}],"is_beta":false,"boss_relics":[{"not_picked":["WristBlade","Velvet Choker"],"picked":"HoveringKite"}],"items_purged_floors":[20],"is_endless":false,"potions_floor_spawned":[1,8,14],"killed_by":"3 Cultists","ascension_level":14}