{"gold_per_floor":[111,122,140,140,156,187,187,200,224,253,265,292,304,328,340,426,438,464,488,500,512,536,548,595,607,619,246,246,277,277,87,87,162,162,172,184,184,194,194,222,222,238,238,139,149,149,175,190,190,190],"floor_reached":51,"playtime":5131,"items_purged":["Writhe"],"score":1497,"play_id":"13c35020-08fa-44b6-8515-b9039aa3b381","local_time":"20230310133227","is_ascension_mode":true,"campfire_choices":[{"floor":7.0,"key":"REST"},{"floor":11.0,"key":"REST"},{"floor":13.0,"key":"REST"},{"data":"Calculated Gamble","floor":15.0,"key":"SMITH"},{"data":"Concentrate","floor":23.0,"key":"SMITH"},{"data":"Terror","floor":25.0,"key":"SMITH"},{"floor":28.0,"key":"REST"},{"data":"Adrenaline","floor":30.0,"key":"SMITH"},{"data":"Apotheosis","floor":32.0,"key":"SMITH"},{"data":"Dash","floor":41,"key":"SMITH"},{"floor":46,"key":"REST"},{"floor":49,"key":"REST"}],"neow_cost":"NONE","seed_source_timestamp":0,"circlet_count":0,"master_deck":["AscendersBane","Survivor","Neutralize","Calculated Gamble+1","Backflip","Dash+1","Reflex","Prepared","Eviscerate","Slice","Venomology","Dagger Throw","Concentrate+1","Catalyst","Predator","Well Laid Plans","Acrobatics","Terror+1","Poisoned Stab","Reflex","Noxious Fumes","Deflect","Adrenaline+1","Sadistic Nature","PiercingWail+1","Apotheosis+1","Glass Knife","PiercingWail","Dodge and Roll+1","Footwork+1","Prepared","Wraith Form v2+1"],"special_seed":0,"relics":["Ring of the Snake","Snake Skull","Whetstone","MawBank","Pandora\u0027s Box","PreservedInsect","StrikeDummy","Tiny Chest","Juzu Bracelet","Black Star","Letter Opener","Bag of Preparation","Frozen Egg 2","Bag of Marbles","Singing Bowl"],"potions_floor_usage":[42,45,50,50],"damage_taken":[{"damage":1.0,"enemies":"2 Louse","floor":1.0,"turns":3.0},{"damage":4.0,"enemies":"Cultist","floor":2.0,"turns":5.0},{"damage":0.0,"enemies":"Small Slimes","floor":3.0,"turns":5.0},{"damage":3.0,"enemies":"Red Slaver","floor":5.0,"turns":5.0},{"damage":33.0,"enemies":"Lagavulin","floor":6.0,"turns":12.0},{"damage":0.0,"enemies":"3 Louse","floor":8.0,"turns":4.0},{"damage":20.0,"enemies":"3 Sentries","floor":10.0,"turns":12.0},{"damage":6.0,"enemies":"Lots of Slimes","floor":12.0,"turns":5.0},{"damage":7.0,"enemies":"Exordium Thugs","floor":14.0,"turns":6.0},{"damage":13.0,"enemies":"Slime Boss","floor":16.0,"turns":8.0},{"damage":1.0,"enemies":"Spheric Guardian","floor":18.0,"turns":3.0},{"damage":8.0,"enemies":"Chosen","floor":19.0,"turns":3.0},{"damage":0.0,"enemies":"3 Cultists","floor":22.0,"turns":4.0},{"damage":28.0,"enemies":"Slavers","floor":24.0,"turns":7.0},{"damage":3.0,"enemies":"Book of Stabbing","floor":29.0,"turns":3.0},{"damage":1.0,"enemies":"Collector","floor":33.0,"turns":5.0},{"damage":4.0,"enemies":"Orb Walker","floor":35.0,"turns":3.0},{"damage":0.0,"enemies":"3 Shapes","floor":36.0,"turns":4.0},{"damage":0.0,"enemies":"Transient","floor":38.0,"turns":5.0},{"damage":23,"enemies":"Nemesis","floor":40,"turns":5},{"damage":16,"enemies":"Sphere and 2 Shapes","floor":42,"turns":5},{"damage":12,"enemies":"Spire Growth","floor":45,"turns":3},{"damage":18,"enemies":"Reptomancer","floor":47,"turns":5},{"damage":8,"enemies":"Writhing Mass","floor":48,"turns":5},{"damage":48,"enemies":"Donu and Deca","floor":50,"turns":9}],"seed_played":"3239945009743954956","potions_obtained":[{"floor":1.0,"key":"DistilledChaos"},{"floor":2.0,"key":"Block Potion"},{"floor":3.0,"key":"SkillPotion"},{"floor":4.0,"key":"DuplicationPotion"},{"floor":10.0,"key":"CultistPotion"},{"floor":14.0,"key":"Weak Potion"},{"floor":22.0,"key":"Fire Potion"},{"floor":29.0,"key":"Poison Potion"},{"floor":33.0,"key":"Block Potion"},{"floor":35.0,"key":"SteroidPotion"},{"floor":36.0,"key":"LiquidMemories"}],"is_trial":false,"path_per_floor":["M","M","M","?","M","E","R","M","T","E","R","M","R","M","R","B",null,"M","M","?","?","M","R","E","R","T","$","R","E","R","$","R","B",null,"M","M","?","M","?","E","R","M","T","$","M","R","E","M","R","B",null],"character_chosen":"THE_SILENT","items_purchased":["Sadistic Nature","Swift Potion","CunningPotion","Apotheosis","SpeedPotion","Prepared"],"campfire_rested":6,"item_purchase_floors":[27,27,27,31,44,44],"current_hp_per_floor":[62,58,58,58,55,22,43,43,43,23,44,38,59,52,52,39,62,61,53,53,80,80,80,52,52,52,52,76,73,73,73,73,72,78,74,74,74,74,74,51,51,47,47,47,35,59,41,35,59,11],"gold":190,"neow_bonus":"TRANSFORM_CARD","is_prod":false,"is_daily":false,"chose_seed":false,"campfire_upgraded":6,"win_rate":0,"timestamp":1678483947,"path_taken":["M","M","M","?","M","E","R","?","T","E","R","M","R","M","R","BOSS","M","M","?","?","?","R","E","R","T","?","R","E","R","$","R","BOSS","BOSS","M","M","?","M","?","E","R","M","T","$","M","R","E","M","R","BOSS"],"build_version":"2022-12-18","purchased_purges":1,"victory":true,"max_hp_per_floor":[70,70,70,70,70,70,70,70,70,70,70,70,70,70,70,70,70,70,70,70,80,80,80,80,80,80,80,80,80,80,80,80,80,80,80,80,80,80,80,80,80,80,80,80,80,80,80,82,82,82],"card_choices":[{"not_picked":["Backflip","Prepared"],"picked":"Calculated Gamble","floor":1.0},{"not_picked":["Masterful Stab","Cloak And Dagger"],"picked":"Backflip","floor":2.0},{"not_picked":["Blade Dance","Cloak And Dagger"],"picked":"Dash","floor":3.0},{"not_picked":["Masterful Stab","Acrobatics"],"picked":"Backstab","floor":5.0},{"not_picked":["Calculated Gamble","Slice"],"picked":"Doppelganger","floor":6.0},{"not_picked":["Flechettes","Bane"],"picked":"Reflex","floor":8.0},{"not_picked":["Deflect","Cloak And Dagger"],"picked":"Prepared","floor":10.0},{"not_picked":["Dagger Throw","Deadly Poison"],"picked":"Eviscerate","floor":12.0},{"not_picked":["Bane","Reflex"],"picked":"Slice","floor":14.0},{"not_picked":["Malaise","Night Terror"],"picked":"Venomology","floor":16.0},{"not_picked":["Underhanded Strike+1","Predator"],"picked":"Noxious Fumes","floor":18.0},{"not_picked":["Terror","Acrobatics","Underhanded Strike+1"],"picked":"SKIP","floor":19.0},{"not_picked":["Deadly Poison+1","Quick Slash+1"],"picked":"Deflect","floor":22.0},{"not_picked":["Caltrops","Distraction"],"picked":"Adrenaline","floor":24.0},{"not_picked":["Bane","Acrobatics+1"],"picked":"PiercingWail","floor":29.0},{"not_picked":["Bullet Time","Storm of Steel"],"picked":"Glass Knife","floor":33.0},{"not_picked":["Calculated Gamble","Sucker Punch","Prepared"],"picked":"SKIP","floor":35.0},{"not_picked":["Sucker Punch+1","Heel Hook"],"picked":"PiercingWail","floor":36.0},{"not_picked":["Dagger Spray","Acrobatics"],"picked":"Dodge and Roll+1","floor":38.0},{"not_picked":["Distraction","PiercingWail"],"picked":"Footwork+1","floor":40},{"not_picked":["Slice","Deadly Poison","Riddle With Holes"],"picked":"SKIP","floor":42},{"not_picked":["Skewer","Dash","Dodge and Roll"],"picked":"SKIP","floor":45},{"not_picked":["Slice","PiercingWail"],"picked":"Wraith Form v2+1","floor":47},{"not_picked":["Cloak And Dagger+1","Caltrops+1","Bullet Time"],"picked":"Singing Bowl","floor":48}],"player_experience":692286,"relics_obtained":[{"floor":6.0,"key":"Snake Skull"},{"floor":9.0,"key":"Whetstone"},{"floor":10.0,"key":"MawBank"},{"floor":24.0,"key":"StrikeDummy"},{"floor":26.0,"key":"Tiny Chest"},{"floor":29.0,"key":"Juzu Bracelet"},{"floor":40,"key":"Letter Opener"},{"floor":40,"key":"Bag of Preparation"},{"floor":43,"key":"Frozen Egg 2"},{"floor":47,"key":"Bag of Marbles"},{"floor":47,"key":"Singing Bowl"}],"event_choices":[{"damage_healed":0.0,"max_hp_gain":0.0,"max_hp_loss":0.0,"gold_gain":0.0,"event_name":"Lab","player_choice":"Got Potions","floor":4.0,"gold_loss":0.0,"damage_taken":0.0},{"damage_healed":0.0,"max_hp_gain":0.0,"max_hp_loss":0.0,"gold_gain":0.0,"event_name":"The Mausoleum","player_choice":"Opened","floor":20.0,"gold_loss":0.0,"damage_taken":0.0,"relics_obtained":["PreservedInsect"],"cards_obtained":["Writhe"]},{"cards_removed":["Doppelganger"],"damage_healed":17.0,"max_hp_gain":10.0,"max_hp_loss":0.0,"gold_gain":0.0,"event_name":"Bonfire Elementals","player_choice":"Offered Rare","floor":21.0,"gold_loss":0.0,"damage_taken":0.0},{"damage_healed":0.0,"max_hp_gain":0.0,"max_hp_loss":0.0,"gold_gain":0.0,"event_name":"Accursed Blacksmith","player_choice":"Forge","floor":37.0,"gold_loss":0.0,"damage_taken":0.0,"cards_upgraded":["PiercingWail"]},{"cards_removed":["Backstab"],"damage_healed":0,"gold_gain":0,"player_choice":"Purged","damage_taken":0,"max_hp_gain":0,"max_hp_loss":0,"event_name":"Purifier","floor":39,"gold_loss":0}],"is_beta":false,"boss_relics":[{"not_picked":["SacredBark","Runic Pyramid"],"picked":"Pandora\u0027s Box"},{"not_picked":["Busted Crown","Coffee Dripper"],"picked":"Black Star"}],"items_purged_floors":[27],"is_endless":false,"potions_floor_spawned":[1,2,3,10,14,22,29,33,35,36,45,47],"ascension_level":13}