{"gold_per_floor":[117,127,137,137,149,175,175,30,56,56,73,73,87,98,98,176,176,187,187,198,215,233,11,21,32,56,71,71,71],"floor_reached":29,"playtime":2289,"items_purged":["Strike_G"],"score":396,"play_id":"990c88fb-a67d-481a-9bdd-0e932d4f8a25","local_time":"20230312183017","is_ascension_mode":true,"campfire_choices":[{"data":"Noxious Fumes","floor":7.0,"key":"SMITH"},{"data":"Concentrate","floor":10.0,"key":"SMITH"},{"floor":12.0,"key":"REST"},{"floor":15.0,"key":"REST"},{"floor":28,"key":"REST"}],"neow_cost":"NONE","seed_source_timestamp":517170264614800,"circlet_count":0,"master_deck":["AscendersBane","Strike_G","Defend_G","Defend_G","Defend_G","Defend_G","Survivor","Neutralize","Crippling Poison+1","Poisoned Stab","Dagger Throw","Noxious Fumes+1","Dagger Spray","Predator","Concentrate+1","Eviscerate","Venomology","Backstab+1","Blur+1","Storm of Steel+1","Deflect+1","Backflip","After Image","Leg Sweep","Backflip+1","PiercingWail","Calculated Gamble"],"special_seed":0,"relics":["Ring of the Snake","Orrery","Vajra","Astrolabe","Nloth\u0027s Gift","ClockworkSouvenir","Lantern"],"potions_floor_usage":[25,29,29],"damage_taken":[{"damage":2.0,"enemies":"2 Louse","floor":1.0,"turns":4.0},{"damage":6.0,"enemies":"Cultist","floor":2.0,"turns":6.0},{"damage":3.0,"enemies":"Small Slimes","floor":3.0,"turns":4.0},{"damage":1.0,"enemies":"Gremlin Gang","floor":5.0,"turns":3.0},{"damage":12.0,"enemies":"Lagavulin","floor":6.0,"turns":7.0},{"damage":14.0,"enemies":"Lots of Slimes","floor":11.0,"turns":2.0},{"damage":0.0,"enemies":"2 Fungi Beasts","floor":13.0,"turns":2.0},{"damage":0.0,"enemies":"Looter","floor":14.0,"turns":2.0},{"damage":26.0,"enemies":"Slime Boss","floor":16.0,"turns":9.0},{"damage":0.0,"enemies":"Shell Parasite","floor":18.0,"turns":3.0},{"damage":0.0,"enemies":"3 Byrds","floor":20.0,"turns":4.0},{"damage":3.0,"enemies":"Snecko","floor":21.0,"turns":4.0},{"damage":33.0,"enemies":"Snake Plant","floor":22.0,"turns":4.0},{"damage":5.0,"enemies":"Shelled Parasite and Fungi","floor":24.0,"turns":9.0},{"damage":11,"enemies":"Centurion and Healer","floor":25,"turns":8},{"damage":0,"enemies":"Cultist and Chosen","floor":27,"turns":7},{"damage":50,"enemies":"Book of Stabbing","floor":29,"turns":7}],"seed_played":"2972923357170678392","potions_obtained":[{"floor":3.0,"key":"FairyPotion"},{"floor":5.0,"key":"Fire Potion"},{"floor":11.0,"key":"ColorlessPotion"},{"floor":14.0,"key":"CultistPotion"},{"floor":16.0,"key":"AttackPotion"},{"floor":22.0,"key":"FearPotion"}],"is_trial":false,"path_per_floor":["M","M","M","?","M","E","R","$","T","R","M","R","M","M","R","B",null,"M","?","M","M","M","$","M","M","T","M","R","E"],"character_chosen":"THE_SILENT","items_purchased":["Orrery","ClockworkSouvenir"],"campfire_rested":3,"item_purchase_floors":[8,23],"current_hp_per_floor":[57,51,48,48,47,35,35,35,35,35,21,40,40,40,59,33,58,58,58,58,55,22,22,17,6,6,6,25,0],"gold":71,"neow_bonus":"TRANSFORM_CARD","is_prod":false,"is_daily":false,"chose_seed":false,"campfire_upgraded":2,"win_rate":0,"timestamp":1678671017,"path_taken":["M","M","M","?","M","E","R","?","T","R","?","R","M","M","R","BOSS","M","?","M","M","M","$","M","?","T","M","R","E"],"build_version":"2022-12-18","purchased_purges":1,"victory":false,"max_hp_per_floor":[66,66,66,66,66,66,66,66,66,66,66,66,66,66,66,66,66,66,66,66,66,66,66,66,66,66,66,66,66],"card_choices":[{"not_picked":["Prepared","Escape Plan","Outmaneuver"],"picked":"SKIP","floor":1.0},{"not_picked":["Slice","Infinite Blades"],"picked":"Poisoned Stab","floor":2.0},{"not_picked":["Expertise","Heel Hook"],"picked":"Dagger Throw","floor":3.0},{"not_picked":["Calculated Gamble","Deflect"],"picked":"Noxious Fumes","floor":5.0},{"not_picked":["Cloak And Dagger","Prepared"],"picked":"Dagger Spray","floor":6.0},{"not_picked":["Malaise","Bane"],"picked":"Predator","floor":8.0},{"not_picked":["Flying Knee","Dodge and Roll"],"picked":"Concentrate","floor":8.0},{"not_picked":["Poisoned Stab","Crippling Poison"],"picked":"Eviscerate","floor":8.0},{"not_picked":["Blade Dance","Outmaneuver","Cloak And Dagger"],"picked":"SKIP","floor":11.0},{"not_picked":["Crippling Poison","Distraction","Quick Slash"],"picked":"SKIP","floor":13.0},{"not_picked":["Storm of Steel","Flying Knee","Dagger Spray"],"picked":"SKIP","floor":14.0},{"not_picked":["Envenom","Bullet Time"],"picked":"Venomology","floor":16.0},{"not_picked":["Dagger Throw","Underhanded Strike+1"],"picked":"Deflect+1","floor":18.0},{"not_picked":["Eviscerate","Bane"],"picked":"Backflip","floor":20.0},{"not_picked":["Noxious Fumes","Underhanded Strike"],"picked":"After Image","floor":21.0},{"not_picked":["Dodge and Roll+1","Distraction"],"picked":"Leg Sweep","floor":22.0},{"not_picked":["Dagger Throw","Bouncing Flask"],"picked":"Backflip+1","floor":24},{"not_picked":["Backstab","Flying Knee"],"picked":"PiercingWail","floor":25},{"not_picked":["Acrobatics","Concentrate"],"picked":"Calculated Gamble","floor":27}],"player_experience":710141,"relics_obtained":[{"floor":6.0,"key":"Oddly Smooth Stone"},{"floor":9.0,"key":"Vajra"},{"floor":26,"key":"Lantern"}],"event_choices":[{"damage_healed":0.0,"max_hp_gain":0.0,"max_hp_loss":0.0,"gold_gain":0.0,"event_name":"Accursed Blacksmith","player_choice":"Forge","floor":4.0,"gold_loss":0.0,"damage_taken":0.0,"cards_upgraded":["Crippling Poison"]},{"damage_healed":0.0,"max_hp_gain":0.0,"max_hp_loss":0.0,"gold_gain":0.0,"event_name":"N\u0027loth","player_choice":"Traded Relic","floor":19.0,"relics_lost":["Oddly Smooth Stone"],"gold_loss":0.0,"damage_taken":0.0,"relics_obtained":["Nloth\u0027s Gift"]}],"is_beta":false,"boss_relics":[{"not_picked":["Ring of the Serpent","Tiny House"],"picked":"Astrolabe"}],"items_purged_floors":[23],"is_endless":false,"potions_floor_spawned":[3,5,11,14,16,22,25,27],"killed_by":"Book of Stabbing","ascension_level":14}