{"gold_per_floor":[115,130,130,6,6,37,37,48,48,48,62,32,65,81,81,81],"floor_reached":16,"playtime":1073,"items_purged":["Defend_G"],"score":230,"play_id":"25ad8063-9fdc-40b2-9598-55b4b210e4f6","local_time":"20230310214151","is_ascension_mode":true,"campfire_choices":[{"data":"Neutralize","floor":7.0,"key":"SMITH"},{"floor":10.0,"key":"REST"},{"floor":15.0,"key":"REST"}],"neow_cost":"NONE","seed_source_timestamp":0,"circlet_count":0,"master_deck":["AscendersBane","Strike_G","Strike_G","Strike_G","Strike_G","Defend_G","Defend_G","Defend_G","Defend_G","Survivor","Neutralize+1","PiercingWail","Dash","Leg Sweep","Backflip","Flying Knee","Prepared","Outmaneuver","Blade Dance"],"special_seed":0,"relics":["Ring of the Snake","NeowsBlessing","White Beast Statue","Sundial","HornCleat","Juzu Bracelet"],"potions_floor_usage":[16],"damage_taken":[{"damage":0.0,"enemies":"Small Slimes","floor":1.0,"turns":1.0},{"damage":0.0,"enemies":"Jaw Worm","floor":2.0,"turns":1.0},{"damage":0.0,"enemies":"Gremlin Nob","floor":6.0,"turns":1.0},{"damage":0.0,"enemies":"2 Louse","floor":8.0,"turns":3.0},{"damage":2.0,"enemies":"Gremlin Gang","floor":11.0,"turns":6.0},{"damage":0.0,"enemies":"Looter","floor":12.0,"turns":4.0},{"damage":13.0,"enemies":"3 Sentries","floor":13.0,"turns":8.0},{"damage":2.0,"enemies":"Exordium Wildlife","floor":14.0,"turns":6.0},{"damage":82,"enemies":"Slime Boss","floor":16,"turns":16}],"seed_played":"-3513967941366877344","potions_obtained":[{"floor":2.0,"key":"AttackPotion"},{"floor":6.0,"key":"SpeedPotion"},{"floor":11.0,"key":"FairyPotion"},{"floor":13.0,"key":"Ancient Potion"},{"floor":14.0,"key":"Dexterity Potion"}],"is_trial":false,"path_per_floor":["M","M","?","$","?","E","R","M","T","R","M","M","E","M","R","B"],"character_chosen":"THE_SILENT","items_purchased":["Backflip"],"campfire_rested":2,"item_purchase_floors":[4],"current_hp_per_floor":[59,59,59,59,41,41,41,41,41,60,58,58,45,43,62,0],"gold":81,"neow_bonus":"THREE_ENEMY_KILL","is_prod":false,"is_daily":false,"chose_seed":false,"campfire_upgraded":1,"win_rate":0,"timestamp":1678513311,"path_taken":["M","M","?","$","?","E","R","M","T","R","M","M","E","M","R","BOSS"],"build_version":"2022-12-18","purchased_purges":1,"victory":false,"max_hp_per_floor":[66,66,66,66,66,66,66,66,66,66,66,66,66,66,66,66],"card_choices":[{"not_picked":["Sucker Punch","Calculated Gamble"],"picked":"PiercingWail","floor":1.0},{"not_picked":["Infinite Blades","Outmaneuver"],"picked":"Dash","floor":2.0},{"not_picked":["Underhanded Strike","Slice"],"picked":"Flying Knee","floor":6.0},{"not_picked":["Bane","Poisoned Stab","Underhanded Strike"],"picked":"SKIP","floor":8.0},{"not_picked":["Bane","Concentrate"],"picked":"Prepared","floor":11.0},{"not_picked":["Finisher","Concentrate"],"picked":"Outmaneuver","floor":12.0},{"not_picked":["PiercingWail","Setup"],"picked":"Blade Dance","floor":13.0},{"not_picked":["Leg Sweep","Outmaneuver","Finisher"],"picked":"SKIP","floor":14.0}],"player_experience":702691,"relics_obtained":[{"floor":6.0,"key":"Sundial"},{"floor":9.0,"key":"HornCleat"},{"floor":13.0,"key":"Juzu Bracelet"}],"event_choices":[{"damage_healed":0.0,"max_hp_gain":0.0,"max_hp_loss":0.0,"gold_gain":0.0,"cards_transformed":["Strike_G"],"event_name":"Living Wall","player_choice":"Change","floor":3.0,"gold_loss":0.0,"damage_taken":0.0,"cards_obtained":["Leg Sweep"]},{"damage_healed":0.0,"max_hp_gain":0.0,"max_hp_loss":0.0,"gold_gain":0.0,"event_name":"Scrap Ooze","player_choice":"Success","floor":5.0,"gold_loss":0.0,"damage_taken":18.0,"relics_obtained":["White Beast Statue"]}],"is_beta":false,"boss_relics":[],"items_purged_floors":[4],"is_endless":false,"potions_floor_spawned":[2,6,8,11,12,13,14],"killed_by":"Slime Boss","ascension_level":14}