{"gold_per_floor":[111,121,134,150,6,6,26,56,56,56,90,13,13,28,28,131,131,151,165,80,92,46,46,46,46,46,46,71,71,91,125,125,228,228,243,263,0,20,20,20,20,52,79,79,95,95,112,112,112,112],"floor_reached":51,"playtime":4556,"items_purged":["Defend_G","Strike_G"],"score":1160,"play_id":"8c2ad44e-44e0-485a-91e5-5c9a4e81dbd4","local_time":"20230307232415","is_ascension_mode":true,"campfire_choices":[{"data":"Eviscerate","floor":6.0,"key":"SMITH"},{"data":"Neutralize","floor":10.0,"key":"SMITH"},{"data":"PiercingWail","floor":13.0,"key":"SMITH"},{"data":"Blade Dance","floor":15.0,"key":"SMITH"},{"data":"A Thousand Cuts","floor":23.0,"key":"SMITH"},{"data":"Footwork","floor":25.0,"key":"SMITH"},{"floor":27.0,"key":"REST"},{"data":"A Thousand Cuts","floor":29.0,"key":"SMITH"},{"floor":32.0,"key":"REST"},{"data":"Wraith Form v2","floor":40,"key":"SMITH"},{"data":"Footwork","floor":44,"key":"SMITH"},{"data":"Dagger Spray","floor":46,"key":"SMITH"},{"data":"Choke","floor":49,"key":"SMITH"}],"neow_cost":"TEN_PERCENT_HP_LOSS","seed_source_timestamp":0,"circlet_count":0,"master_deck":["AscendersBane","Strike_G","Strike_G","Defend_G","Defend_G","Defend_G","Survivor","Neutralize+1","PiercingWail+1","Escape Plan","Eviscerate+1","Blade Dance+1","Backflip","Dagger Throw","Deflect","Escape Plan+1","Calculated Gamble+1","Setup+1","A Thousand Cuts+1","Footwork+1","Blur+1","Dagger Spray+1","A Thousand Cuts+1","Choke+1","Bullet Time+1","Wraith Form v2+1","Prepared+1","Tactician+1","Adrenaline+1","Apotheosis+1","Footwork+1","Predator","PiercingWail+1"],"special_seed":0,"relics":["Ring of the Snake","Mummified Hand","Toxic Egg 2","Mercury Hourglass","Runic Pyramid","Akabeko","FossilizedHelix","The Courier","Juzu Bracelet","Blood Vial","Philosopher\u0027s Stone","OrangePellets","Regal Pillow","Smiling Mask"],"potions_floor_usage":[33,38,50],"damage_taken":[{"damage":0.0,"enemies":"Cultist","floor":1.0,"turns":5.0},{"damage":9.0,"enemies":"Jaw Worm","floor":2.0,"turns":8.0},{"damage":1.0,"enemies":"2 Louse","floor":3.0,"turns":4.0},{"damage":2.0,"enemies":"Large Slime","floor":4.0,"turns":7.0},{"damage":1.0,"enemies":"Looter","floor":7.0,"turns":4.0},{"damage":8.0,"enemies":"Gremlin Nob","floor":8.0,"turns":3.0},{"damage":12.0,"enemies":"Lagavulin","floor":11.0,"turns":6.0},{"damage":2.0,"enemies":"Gremlin Gang","floor":14.0,"turns":4.0},{"damage":25.0,"enemies":"Hexaghost","floor":16.0,"turns":12.0},{"damage":0.0,"enemies":"Spheric Guardian","floor":18.0,"turns":3.0},{"damage":0.0,"enemies":"3 Byrds","floor":19.0,"turns":4.0},{"damage":0.0,"enemies":"Snecko","floor":21.0,"turns":5.0},{"damage":0.0,"enemies":"Gremlin Leader","floor":28.0,"turns":5.0},{"damage":0.0,"enemies":"Chosen and Byrds","floor":30.0,"turns":4.0},{"damage":21.0,"enemies":"Slavers","floor":31.0,"turns":5.0},{"damage":1,"enemies":"Collector","floor":33,"turns":7},{"damage":0,"enemies":"3 Shapes","floor":35,"turns":3},{"damage":0,"enemies":"Orb Walker","floor":36,"turns":2},{"damage":0,"enemies":"4 Shapes","floor":38,"turns":5},{"damage":0,"enemies":"Reptomancer","floor":42,"turns":6},{"damage":0,"enemies":"Spire Growth","floor":45,"turns":4},{"damage":0,"enemies":"Writhing Mass","floor":47,"turns":5},{"damage":2,"enemies":"Awakened One","floor":50,"turns":15}],"seed_played":"3363815945255496320","potions_obtained":[{"floor":2.0,"key":"Energy Potion"},{"floor":4.0,"key":"CultistPotion"},{"floor":16.0,"key":"SkillPotion"},{"floor":18.0,"key":"Strength Potion"},{"floor":28.0,"key":"LiquidMemories"},{"floor":31.0,"key":"Swift Potion"},{"floor":35,"key":"Explosive Potion"},{"floor":45,"key":"Poison Potion"},{"floor":47,"key":"Weak Potion"}],"is_trial":false,"path_per_floor":["M","M","M","M","$","R","M","E","T","R","E","$","R","M","R","B",null,"M","M","?","M","$","R","?","R","T","R","E","R","M","E","R","B",null,"M","M","$","M","?","R","?","E","T","R","M","R","M","?","R","B",null],"character_chosen":"THE_SILENT","items_purchased":["Backflip","Dagger Throw","Calculated Gamble+1","Dagger Spray","Tactician+1","OrangePellets"],"campfire_rested":2,"item_purchase_floors":[5,5,12,22,37,37],"current_hp_per_floor":[63,54,53,51,51,51,50,42,42,42,30,30,30,28,28,3,48,48,48,48,48,48,48,48,48,48,63,63,63,63,42,60,61,63,63,63,63,63,63,63,63,63,63,63,63,63,63,63,63,61],"gold":112,"neow_bonus":"REMOVE_TWO","is_prod":false,"is_daily":false,"chose_seed":false,"campfire_upgraded":11,"win_rate":0,"timestamp":1678260255,"path_taken":["M","M","M","M","$","R","?","E","T","R","E","?","R","M","R","BOSS","M","M","?","M","$","R","?","R","T","R","E","R","M","E","R","BOSS","M","M","$","M","?","R","?","E","T","R","M","R","M","?","R","BOSS"],"build_version":"2022-12-18","purchased_purges":2,"victory":true,"max_hp_per_floor":[63,63,63,63,63,63,63,63,63,63,63,63,63,63,63,63,63,63,63,63,63,63,63,63,63,63,63,63,63,63,63,63,63,63,63,63,63,63,63,63,63,63,63,63,63,63,63,63,63,63],"card_choices":[{"not_picked":["Outmaneuver","Accuracy"],"picked":"PiercingWail","floor":1.0},{"not_picked":["Predator","Skewer"],"picked":"Escape Plan","floor":2.0},{"not_picked":["Dodge and Roll","Riddle With Holes"],"picked":"Eviscerate","floor":3.0},{"not_picked":["Flechettes","Accuracy"],"picked":"Blade Dance","floor":4.0},{"not_picked":["Riddle With Holes","Cloak And Dagger"],"picked":"Slice","floor":7.0},{"not_picked":["Deflect","Predator","PiercingWail"],"picked":"SKIP","floor":8.0},{"not_picked":["Predator","PiercingWail"],"picked":"Deflect","floor":8.0},{"not_picked":["Blur+1","Poisoned Stab"],"picked":"Escape Plan+1","floor":11.0},{"not_picked":["Quick Slash","Deadly Poison+1"],"picked":"Setup+1","floor":14.0},{"not_picked":["Malaise+1","Glass Knife"],"picked":"A Thousand Cuts","floor":16.0},{"not_picked":["Caltrops","Blade Dance+1"],"picked":"Footwork","floor":18.0},{"not_picked":["Blade Dance+1","Predator+1"],"picked":"Blur+1","floor":19.0},{"not_picked":["Backstab+1","Quick Slash","Slice"],"picked":"SKIP","floor":21.0},{"not_picked":["Blade Dance+1","Leg Sweep+1"],"picked":"A Thousand Cuts","floor":28.0},{"not_picked":["Underhanded Strike","Slice"],"picked":"Choke","floor":30.0},{"not_picked":["Backflip+1","Crippling Poison+1"],"picked":"Bullet Time+1","floor":31.0},{"not_picked":["Bullet Time+1","Corpse Explosion+1"],"picked":"Wraith Form v2","floor":33},{"not_picked":["Dodge and Roll+1","Dagger Spray"],"picked":"Prepared+1","floor":35},{"not_picked":["Heel Hook+1","Sucker Punch","Noxious Fumes"],"picked":"SKIP","floor":36},{"not_picked":["Underhanded Strike","Dagger Spray+1"],"picked":"Adrenaline+1","floor":38},{"not_picked":["The Bomb+1","Deep Breath+1"],"picked":"Apotheosis+1","floor":41},{"not_picked":["Predator","Accuracy"],"picked":"Footwork","floor":42},{"not_picked":["Eviscerate","Deflect+1"],"picked":"Predator","floor":45},{"not_picked":["Deflect+1","Deadly Poison+1"],"picked":"PiercingWail+1","floor":47}],"player_experience":677785,"relics_obtained":[{"floor":8.0,"key":"Mummified Hand"},{"floor":9.0,"key":"Toxic Egg 2"},{"floor":11.0,"key":"Mercury Hourglass"},{"floor":26.0,"key":"The Courier"},{"floor":28.0,"key":"Juzu Bracelet"},{"floor":31.0,"key":"Blood Vial"},{"floor":42,"key":"Regal Pillow"},{"floor":43,"key":"Smiling Mask"}],"event_choices":[{"damage_healed":0.0,"max_hp_gain":0.0,"max_hp_loss":0.0,"gold_gain":0.0,"event_name":"Addict","player_choice":"Obtained Relic","floor":20.0,"gold_loss":85.0,"damage_taken":0.0,"relics_obtained":["Akabeko"]},{"damage_healed":0.0,"max_hp_gain":0.0,"max_hp_loss":0.0,"gold_gain":0.0,"event_name":"The Mausoleum","player_choice":"Opened","floor":24.0,"gold_loss":0.0,"damage_taken":0.0,"relics_obtained":["FossilizedHelix"]},{"cards_removed":["Slice"],"damage_healed":0,"gold_gain":0,"player_choice":"Removed Attack","damage_taken":0,"max_hp_gain":0,"max_hp_loss":0,"event_name":"Falling","floor":39,"gold_loss":0},{"damage_healed":0,"gold_gain":0,"player_choice":"Memory 1","damage_taken":0,"max_hp_gain":0,"max_hp_loss":0,"event_name":"SensoryStone","floor":41,"gold_loss":0},{"cards_removed":["Strike_G"],"damage_healed":0,"gold_gain":0,"player_choice":"Purged","damage_taken":0,"max_hp_gain":0,"max_hp_loss":0,"event_name":"Purifier","floor":48,"gold_loss":0}],"is_beta":false,"boss_relics":[{"not_picked":["SacredBark","Ring of the Serpent"],"picked":"Runic Pyramid"},{"not_picked":["Runic Dome","Fusion Hammer"],"picked":"Philosopher\u0027s Stone"}],"items_purged_floors":[5,37],"is_endless":false,"potions_floor_spawned":[2,4,7,16,18,28,31,35,45,47],"ascension_level":12}