{"gold_per_floor":[113,38,51,70,70,70,84,84],"floor_reached":8,"playtime":503,"items_purged":["Normality"],"score":82,"play_id":"7ca7a5ad-accd-4057-92b4-705bc594a86f","local_time":"20230311003456","is_ascension_mode":true,"campfire_choices":[{"data":"Footwork","floor":6.0,"key":"SMITH"}],"neow_cost":"CURSE","seed_source_timestamp":371963279741000,"circlet_count":0,"master_deck":["AscendersBane","Strike_G","Strike_G","Strike_G","Strike_G","Strike_G","Defend_G","Defend_G","Defend_G","Defend_G","Defend_G","Survivor","Neutralize","Chrysalis+1","Footwork+1","Quick Slash","Masterful Stab","Calculated Gamble"],"special_seed":0,"relics":["Ring of the Snake"],"potions_floor_usage":[8],"damage_taken":[{"damage":8.0,"enemies":"Small Slimes","floor":1.0,"turns":6.0},{"damage":0.0,"enemies":"Cultist","floor":3.0,"turns":5.0},{"damage":0.0,"enemies":"Jaw Worm","floor":4.0,"turns":5.0},{"damage":0.0,"enemies":"Lots of Slimes","floor":7.0,"turns":6.0},{"damage":52,"enemies":"Gremlin Nob","floor":8,"turns":5}],"seed_played":"-8358477099573308202","potions_obtained":[{"floor":3.0,"key":"GamblersBrew"},{"floor":7.0,"key":"Strength Potion"}],"is_trial":false,"path_per_floor":["M","$","M","M","?","R","M","E"],"character_chosen":"THE_SILENT","items_purchased":[],"campfire_rested":0,"item_purchase_floors":[],"current_hp_per_floor":[51,51,51,51,51,51,51,0],"gold":84,"neow_bonus":"RANDOM_COLORLESS_2","is_prod":false,"is_daily":false,"chose_seed":false,"campfire_upgraded":1,"win_rate":0,"timestamp":1678523696,"path_taken":["M","$","M","M","?","R","?","E"],"build_version":"2022-12-18","purchased_purges":1,"victory":false,"max_hp_per_floor":[66,66,66,66,66,66,66,66],"card_choices":[{"not_picked":["Magnetism","Secret Technique"],"picked":"Chrysalis","floor":0.0},{"not_picked":["Dodge and Roll","Setup"],"picked":"Footwork","floor":1.0},{"not_picked":["Poisoned Stab","Backstab"],"picked":"Quick Slash","floor":3.0},{"not_picked":["Backflip","Tactician"],"picked":"Masterful Stab","floor":4.0},{"not_picked":["Terror","Flying Knee"],"picked":"Calculated Gamble","floor":7.0}],"player_experience":707330,"relics_obtained":[],"event_choices":[{"damage_healed":0.0,"max_hp_gain":0.0,"max_hp_loss":0.0,"gold_gain":0.0,"event_name":"Accursed Blacksmith","player_choice":"Forge","floor":5.0,"gold_loss":0.0,"damage_taken":0.0,"cards_upgraded":["Chrysalis"]}],"is_beta":false,"boss_relics":[],"items_purged_floors":[2],"is_endless":false,"potions_floor_spawned":[3,7],"killed_by":"Gremlin Nob","ascension_level":14}