{"gold_per_floor":[316,127,143,158,175,175,210,178,178,178,178,198,198,198,198,295,295,312,325,21,21,36,36,36,65,92,92,92,92,92,104,104,205,205,218,233,233,250,270,270,6,0,0,0,19,19,53,67,67,67],"floor_reached":51,"playtime":3991,"items_purged":["Strike_G","Strike_G"],"score":1039,"play_id":"eb182bac-64a9-4044-882b-dd91b58def8c","local_time":"20230305205130","is_ascension_mode":true,"campfire_choices":[{"data":"Well Laid Plans","floor":6.0,"key":"SMITH"},{"floor":11.0,"key":"REST"},{"data":"Wraith Form v2","floor":13.0,"key":"SMITH"},{"data":"Footwork","floor":15.0,"key":"SMITH"},{"floor":23.0,"key":"REST"},{"data":"Bouncing Flask","floor":27.0,"key":"SMITH"},{"data":"Corpse Explosion","floor":30.0,"key":"SMITH"},{"floor":32.0,"key":"REST"},{"floor":40.0,"key":"REST"},{"data":"Apotheosis","floor":44.0,"key":"SMITH"},{"data":"Catalyst","floor":49,"key":"SMITH"}],"neow_cost":"NO_GOLD","seed_source_timestamp":0,"circlet_count":0,"master_deck":["AscendersBane","Strike_G","Strike_G","Defend_G","Defend_G","Defend_G","Defend_G","Defend_G","Survivor","Neutralize","Footwork+1","Noxious Fumes","Bouncing Flask+1","Well Laid Plans+1","Dagger Spray","Wraith Form v2+1","PiercingWail","Corpse Explosion+1","Acrobatics","Blur","Backflip","Decay","Dash","Footwork+1","Prepared+1","Burst","Catalyst+1","Apotheosis+1","Dagger Throw","PiercingWail","Slice","Leg Sweep+1","Deflect+1"],"special_seed":0,"relics":["Ring of the Snake","Old Coin","Sundial","Paper Crane","SlaversCollar","Snake Skull","MealTicket","Pen Nib","Runic Pyramid","Orichalcum","Red Mask","Regal Pillow","Question Card"],"potions_floor_usage":[50],"damage_taken":[{"damage":4.0,"enemies":"Small Slimes","floor":1.0,"turns":5.0},{"damage":1.0,"enemies":"2 Louse","floor":3.0,"turns":3.0},{"damage":0.0,"enemies":"Jaw Worm","floor":4.0,"turns":6.0},{"damage":32.0,"enemies":"Gremlin Gang","floor":5.0,"turns":8.0},{"damage":25.0,"enemies":"3 Sentries","floor":7.0,"turns":8.0},{"damage":13.0,"enemies":"2 Fungi Beasts","floor":12.0,"turns":5.0},{"damage":20.0,"enemies":"The Guardian","floor":16.0,"turns":13.0},{"damage":35.0,"enemies":"Chosen","floor":18.0,"turns":6.0},{"damage":18.0,"enemies":"3 Byrds","floor":19.0,"turns":6.0},{"damage":6.0,"enemies":"Sentry and Sphere","floor":22.0,"turns":9.0},{"damage":4.0,"enemies":"Slavers","floor":25.0,"turns":5.0},{"damage":10.0,"enemies":"Centurion and Healer","floor":31.0,"turns":9.0},{"damage":11.0,"enemies":"Automaton","floor":33.0,"turns":11.0},{"damage":18.0,"enemies":"Orb Walker","floor":35.0,"turns":6.0},{"damage":6.0,"enemies":"3 Darklings","floor":36.0,"turns":8.0},{"damage":17.0,"enemies":"Transient","floor":38.0,"turns":5.0},{"damage":4.0,"enemies":"4 Shapes","floor":39.0,"turns":8.0},{"damage":0.0,"enemies":"Maw","floor":45.0,"turns":7.0},{"damage":11.0,"enemies":"Reptomancer","floor":47.0,"turns":7.0},{"damage":2,"enemies":"Sphere and 2 Shapes","floor":48,"turns":4},{"damage":6,"enemies":"Time Eater","floor":50,"turns":15}],"seed_played":"7437385815771845924","potions_obtained":[{"floor":3.0,"key":"CultistPotion"},{"floor":5.0,"key":"ColorlessPotion"},{"floor":12.0,"key":"Ancient Potion"},{"floor":16.0,"key":"BlessingOfTheForge"},{"floor":18.0,"key":"GhostInAJar"},{"floor":31.0,"key":"Ancient Potion"},{"floor":33.0,"key":"EssenceOfSteel"},{"floor":36.0,"key":"GamblersBrew"},{"floor":39.0,"key":"BlessingOfTheForge"},{"floor":47.0,"key":"SkillPotion"}],"is_trial":false,"path_per_floor":["M","$","M","M","M","R","E","?","T","?","R","M","R","?","R","B",null,"M","M","$","?","M","R","?","E","T","R","?","$","R","M","R","B",null,"M","M","?","M","M","R","$","?","T","R","M","$","E","M","R","B",null],"character_chosen":"THE_SILENT","items_purchased":["Noxious Fumes","Bouncing Flask","Backflip","Snake Skull","Apotheosis","Dagger Throw","PiercingWail"],"campfire_rested":4,"item_purchase_floors":[2,2,20,20,41,41,41],"current_hp_per_floor":[59,59,58,58,26,26,1,1,1,24,45,32,32,32,32,12,56,21,3,3,26,20,41,41,37,37,37,37,52,52,42,63,52,66,48,42,42,25,21,42,57,57,57,57,57,70,59,57,57,51],"gold":67,"neow_bonus":"ONE_RARE_RELIC","is_prod":false,"is_daily":false,"chose_seed":false,"campfire_upgraded":7,"win_rate":0,"timestamp":1678078290,"path_taken":["M","$","M","M","M","R","E","?","T","?","R","M","R","?","R","BOSS","M","?","$","?","M","R","?","E","T","R","?","$","R","M","R","BOSS","M","?","?","M","?","R","$","?","T","R","M","$","E","M","R","BOSS"],"build_version":"2022-12-18","purchased_purges":2,"victory":true,"max_hp_per_floor":[70,70,70,70,70,70,70,70,70,70,70,70,70,70,70,70,70,70,70,70,70,70,70,70,70,70,70,70,70,70,70,70,70,70,70,70,70,70,70,70,70,70,70,70,70,70,70,70,70,70],"card_choices":[{"not_picked":["Prepared","Acrobatics"],"picked":"Footwork","floor":1.0},{"not_picked":["Backflip","Dagger Spray"],"picked":"Well Laid Plans","floor":3.0},{"not_picked":["Underhanded Strike","Distraction","Prepared"],"picked":"SKIP","floor":4.0},{"not_picked":["Prepared","Footwork"],"picked":"Dagger Spray","floor":5.0},{"not_picked":["Blade Dance","Blur"],"picked":"Wraith Form v2","floor":7.0},{"not_picked":["Dagger Spray","Masterful Stab"],"picked":"PiercingWail","floor":12.0},{"not_picked":["Grand Finale","Storm of Steel"],"picked":"Corpse Explosion","floor":16.0},{"not_picked":["Accuracy","Reflex"],"picked":"Acrobatics","floor":18.0},{"not_picked":["Dagger Throw","Underhanded Strike"],"picked":"Blur","floor":19.0},{"not_picked":["Flying Knee+1","Expertise","Reflex"],"picked":"SKIP","floor":22.0},{"not_picked":["Deadly Poison","Caltrops"],"picked":"Dash","floor":25.0},{"not_picked":["Dagger Spray+1","Acrobatics"],"picked":"Prepared+1","floor":31.0},{"not_picked":["Tools of the Trade","Corpse Explosion"],"picked":"Burst","floor":33.0},{"not_picked":["Poisoned Stab+1","Reflex+1","Accuracy"],"picked":"SKIP","floor":35.0},{"not_picked":["Quick Slash","Dash+1","Outmaneuver"],"picked":"SKIP","floor":36.0},{"not_picked":["Acrobatics+1","Crippling Poison"],"picked":"Catalyst","floor":38.0},{"not_picked":["Blur","Corpse Explosion","Quick Slash+1"],"picked":"SKIP","floor":39.0},{"not_picked":["Poisoned Stab+1","Cloak And Dagger"],"picked":"Slice","floor":45.0},{"not_picked":["Distraction+1","Acrobatics"],"picked":"Leg Sweep+1","floor":47.0},{"not_picked":["Deadly Poison","Footwork+1","Choke"],"picked":"Deflect+1","floor":48}],"player_experience":662195,"relics_obtained":[{"floor":7.0,"key":"Sundial"},{"floor":9.0,"key":"Paper Crane"},{"floor":25.0,"key":"MealTicket"},{"floor":26.0,"key":"Pen Nib"},{"floor":37.0,"key":"Orichalcum"},{"floor":43.0,"key":"Regal Pillow"},{"floor":47.0,"key":"Question Card"}],"event_choices":[{"damage_healed":0.0,"max_hp_gain":0.0,"max_hp_loss":0.0,"gold_gain":0.0,"event_name":"World of Goop","player_choice":"Left Gold","floor":8.0,"gold_loss":32.0,"damage_taken":0.0},{"damage_healed":23.0,"max_hp_gain":0.0,"max_hp_loss":0.0,"gold_gain":0.0,"event_name":"Big Fish","player_choice":"Banana","floor":10.0,"gold_loss":0.0,"damage_taken":0.0},{"cards_removed":["Strike_G"],"damage_healed":0.0,"max_hp_gain":0.0,"max_hp_loss":0.0,"gold_gain":0.0,"event_name":"Purifier","player_choice":"Purged","floor":14.0,"gold_loss":0.0,"damage_taken":0.0},{"damage_healed":23.0,"max_hp_gain":0.0,"max_hp_loss":0.0,"gold_gain":0.0,"event_name":"The Library","player_choice":"Heal","floor":21.0,"gold_loss":0.0,"damage_taken":0.0},{"damage_healed":0.0,"max_hp_gain":0.0,"max_hp_loss":0.0,"gold_gain":0.0,"event_name":"Forgotten Altar","player_choice":"Smashed Altar","floor":24.0,"gold_loss":0.0,"damage_taken":0.0,"cards_obtained":["Decay"]},{"damage_healed":0.0,"max_hp_gain":0.0,"max_hp_loss":0.0,"gold_gain":0.0,"event_name":"Duplicator","player_choice":"Copied","floor":28.0,"gold_loss":0.0,"damage_taken":0.0,"cards_obtained":["Footwork"]},{"damage_healed":0.0,"max_hp_gain":0.0,"max_hp_loss":0.0,"gold_gain":0.0,"event_name":"Wheel of Change","player_choice":"Relic","floor":37.0,"gold_loss":0.0,"damage_taken":0.0},{"damage_healed":0.0,"max_hp_gain":0.0,"max_hp_loss":0.0,"gold_gain":0.0,"event_name":"Tomb of Lord Red Mask","player_choice":"Paid","floor":42.0,"gold_loss":6.0,"damage_taken":0.0,"relics_obtained":["Red Mask"]}],"is_beta":false,"boss_relics":[{"not_picked":["Fusion Hammer","Sozu"],"picked":"SlaversCollar"},{"not_picked":["Calling Bell","WristBlade"],"picked":"Runic Pyramid"}],"items_purged_floors":[2,20],"is_endless":false,"potions_floor_spawned":[3,5,12,16,18,31,33,36,39,47],"ascension_level":11}