{"gold_per_floor":[109,127,0,12,24,24,56,56,56,66,78,78,78,94,94,169,169,184,184,195,211,2,27,27,59,59,59,109,89,89,119,119,196,196,210,225,235,235,12,40,40,40,40,40,74,99,112,112,112,112],"floor_reached":51,"playtime":4800,"items_purged":["Strike_G","Strike_G+1","Strike_G+1"],"score":1423,"play_id":"1d481a70-3e17-405d-9329-45453ef1b48d","local_time":"20230317160857","is_ascension_mode":true,"campfire_choices":[{"floor":6.0,"key":"REST"},{"data":"Noxious Fumes","floor":8.0,"key":"SMITH"},{"data":"Neutralize","floor":13.0,"key":"SMITH"},{"data":"Adrenaline","floor":15.0,"key":"SMITH"},{"data":"Malaise","floor":24.0,"key":"SMITH"},{"data":"Crippling Poison","floor":27.0,"key":"SMITH"},{"floor":32.0,"key":"REST"},{"data":"Wraith Form v2","floor":41.0,"key":"SMITH"},{"data":"Well Laid Plans","floor":44,"key":"SMITH"},{"floor":49,"key":"REST"}],"neow_cost":"PERCENT_DAMAGE","seed_source_timestamp":0,"circlet_count":0,"master_deck":["AscendersBane","Strike_G+1","Defend_G+1","Defend_G+1","Defend_G+1","Defend_G+1","Survivor","Neutralize+1","Backflip","Masterful Stab","Noxious Fumes+1","Crippling Poison+1","Adrenaline+1","Malaise+1","Blur","Dagger Spray+1","Bane+1","Skewer+1","Storm of Steel","Catalyst+1","Wraith Form v2+1","Escape Plan","Prepared","Panacea","Well Laid Plans+1","Dark Shackles","After Image","Outmaneuver+1","Escape Plan"],"special_seed":0,"relics":["Ring of the Snake","Molten Egg 2","Matryoshka","Akabeko","Juzu Bracelet","Philosopher\u0027s Stone","Membership Card","Pocketwatch","Unceasing Top","Bottled Flame","Strawberry","Enchiridion","White Beast Statue","SacredBark","PreservedInsect","Centennial Puzzle","Kunai","Torii","Lizard Tail"],"potions_floor_usage":[50,50],"damage_taken":[{"damage":5.0,"enemies":"Cultist","floor":1.0,"turns":5.0},{"damage":4.0,"enemies":"Small Slimes","floor":2.0,"turns":4.0},{"damage":0.0,"enemies":"2 Louse","floor":4.0,"turns":2.0},{"damage":1.0,"enemies":"Red Slaver","floor":5.0,"turns":3.0},{"damage":15.0,"enemies":"3 Sentries","floor":7.0,"turns":11.0},{"damage":0.0,"enemies":"2 Fungi Beasts","floor":10.0,"turns":3.0},{"damage":1.0,"enemies":"Looter","floor":11.0,"turns":3.0},{"damage":4.0,"enemies":"Lots of Slimes","floor":14.0,"turns":3.0},{"damage":1.0,"enemies":"Hexaghost","floor":16.0,"turns":9.0},{"damage":3.0,"enemies":"Spheric Guardian","floor":18.0,"turns":5.0},{"damage":1.0,"enemies":"Shell Parasite","floor":20.0,"turns":4.0},{"damage":0.0,"enemies":"Snake Plant","floor":21.0,"turns":5.0},{"damage":0.0,"enemies":"Gremlin Leader","floor":23.0,"turns":7.0},{"damage":0.0,"enemies":"Book of Stabbing","floor":25.0,"turns":6.0},{"damage":0.0,"enemies":"Gremlin Leader","floor":31.0,"turns":4.0},{"damage":6.0,"enemies":"Collector","floor":33.0,"turns":8.0},{"damage":0.0,"enemies":"3 Shapes","floor":35.0,"turns":5.0},{"damage":14.0,"enemies":"3 Darklings","floor":36.0,"turns":3.0},{"damage":9.0,"enemies":"4 Shapes","floor":37.0,"turns":6.0},{"damage":0.0,"enemies":"Nemesis","floor":40.0,"turns":3.0},{"damage":4,"enemies":"Giant Head","floor":45,"turns":8},{"damage":0,"enemies":"Mind Bloom Boss Battle","floor":46,"turns":6},{"damage":1,"enemies":"Sphere and 2 Shapes","floor":47,"turns":5},{"damage":41,"enemies":"Awakened One","floor":50,"turns":20}],"seed_played":"-2317361897733525925","potions_obtained":[{"floor":2.0,"key":"Regen Potion"},{"floor":10.0,"key":"Ancient Potion"},{"floor":11.0,"key":"PowerPotion"},{"floor":14.0,"key":"Dexterity Potion"},{"floor":18.0,"key":"SteroidPotion"},{"floor":20.0,"key":"CunningPotion"},{"floor":25.0,"key":"BlessingOfTheForge"},{"floor":29.0,"key":"Energy Potion"},{"floor":33.0,"key":"PowerPotion"},{"floor":35.0,"key":"SteroidPotion"},{"floor":40.0,"key":"Fruit Juice"},{"floor":45,"key":"Poison Potion"},{"floor":46,"key":"PowerPotion"}],"is_trial":false,"path_per_floor":["M","M","$","M","M","R","E","R","T","M","M","T","R","M","R","B",null,"M","?","M","M","$","E","R","E","T","R","?","?","?","E","R","B",null,"M","M","M","?","$","E","R","?","T","R","E","?","M","?","R","B",null],"character_chosen":"THE_SILENT","items_purchased":["Dagger Throw","Membership Card","Bane+1","Well Laid Plans","PreservedInsect","Dark Shackles"],"campfire_rested":3,"item_purchase_floors":[3,22,22,39,39,39],"current_hp_per_floor":[39,35,35,35,34,53,38,38,38,38,37,37,37,33,33,32,58,55,55,54,54,54,54,54,54,61,61,61,61,40,40,61,55,69,69,55,46,41,41,51,51,51,51,51,47,47,46,46,70,29],"gold":112,"neow_bonus":"REMOVE_TWO","is_prod":false,"is_daily":false,"chose_seed":false,"campfire_upgraded":7,"win_rate":0,"timestamp":1679094537,"path_taken":["M","M","$","M","M","R","E","R","T","M","M","?","R","M","R","BOSS","M","?","M","M","$","E","R","E","T","R","?","?","?","E","R","BOSS","M","M","M","?","$","E","R","?","T","R","E","?","M","?","R","BOSS"],"build_version":"2022-12-18","purchased_purges":3,"victory":true,"max_hp_per_floor":[66,66,66,66,66,66,66,66,66,66,66,66,66,66,66,66,66,66,66,66,66,66,66,66,66,73,73,73,73,73,73,73,73,73,73,73,73,73,73,83,83,83,83,83,83,83,83,83,83,83],"card_choices":[{"not_picked":["Dodge and Roll","Quick Slash"],"picked":"Backflip","floor":1.0},{"not_picked":["Blur","Blade Dance"],"picked":"Masterful Stab","floor":2.0},{"not_picked":["Deflect","Dodge and Roll","Dagger Throw"],"picked":"SKIP","floor":4.0},{"not_picked":["Dagger Throw","Outmaneuver","Slice"],"picked":"SKIP","floor":5.0},{"not_picked":["Wraith Form v2","Flying Knee+1"],"picked":"Noxious Fumes","floor":7.0},{"not_picked":["Cloak And Dagger","Finisher+1"],"picked":"Crippling Poison","floor":10.0},{"not_picked":["Prepared","Sucker Punch+1"],"picked":"Adrenaline","floor":11.0},{"not_picked":["Concentrate","Outmaneuver","Quick Slash+1"],"picked":"SKIP","floor":14.0},{"not_picked":["Envenom","Unload+1"],"picked":"Malaise","floor":16.0},{"not_picked":["Crippling Poison","Poisoned Stab+1","Flechettes+1"],"picked":"SKIP","floor":18.0},{"not_picked":["Crippling Poison","Poisoned Stab+1","Flechettes+1"],"picked":"SKIP","floor":18.0},{"not_picked":["Deflect","Underhanded Strike+1"],"picked":"Blur","floor":20.0},{"not_picked":["Blade Dance+1","Backflip"],"picked":"Dagger Spray+1","floor":21.0},{"not_picked":["Flechettes+1","Escape Plan+1"],"picked":"Skewer+1","floor":23.0},{"not_picked":["Flying Knee+1","Crippling Poison+1"],"picked":"Storm of Steel","floor":25.0},{"not_picked":["Expertise","Deflect"],"picked":"Catalyst","floor":31.0},{"not_picked":["Grand Finale+1","Unload+1"],"picked":"Wraith Form v2","floor":33.0},{"not_picked":["Deadly Poison","Backflip"],"picked":"Escape Plan","floor":35.0},{"not_picked":["Outmaneuver+1","Flechettes+1"],"picked":"Prepared","floor":36.0},{"not_picked":["Glass Knife+1","Sucker Punch+1","Deflect"],"picked":"SKIP","floor":37.0},{"not_picked":["Discovery","Bandage Up"],"picked":"Panacea","floor":38.0},{"not_picked":["Endless Agony+1","Deadly Poison","Crippling Poison+1"],"picked":"SKIP","floor":40.0},{"not_picked":["Flying Knee+1","Catalyst"],"picked":"After Image","floor":45},{"not_picked":["Dagger Throw+1","Deflect"],"picked":"Outmaneuver+1","floor":46},{"not_picked":["Backflip","Backstab+1"],"picked":"Escape Plan","floor":47}],"player_experience":745214,"relics_obtained":[{"floor":7.0,"key":"Molten Egg 2"},{"floor":9.0,"key":"Matryoshka"},{"floor":12.0,"key":"Akabeko"},{"floor":12.0,"key":"Juzu Bracelet"},{"floor":23.0,"key":"Pocketwatch"},{"floor":25.0,"key":"Unceasing Top"},{"floor":26.0,"key":"Bottled Flame"},{"floor":26.0,"key":"Strawberry"},{"floor":30.0,"key":"Enchiridion"},{"floor":31.0,"key":"White Beast Statue"},{"floor":40.0,"key":"Centennial Puzzle"},{"floor":43,"key":"Kunai"},{"floor":45,"key":"Torii"},{"floor":46,"key":"Lizard Tail"}],"event_choices":[{"damage_healed":0.0,"max_hp_gain":0.0,"max_hp_loss":0.0,"gold_gain":0.0,"event_name":"Back to Basics","player_choice":"Simplicity","floor":19.0,"gold_loss":0.0,"damage_taken":0.0,"cards_upgraded":["Strike_G","Strike_G","Strike_G","Defend_G","Defend_G","Defend_G","Defend_G"]},{"damage_healed":0.0,"max_hp_gain":0.0,"max_hp_loss":0.0,"gold_gain":50.0,"event_name":"Nest","player_choice":"Stole From Cult","floor":28.0,"gold_loss":0.0,"damage_taken":0.0},{"damage_healed":0.0,"max_hp_gain":0.0,"max_hp_loss":0.0,"gold_gain":0.0,"event_name":"The Woman in Blue","player_choice":"Bought 1 Potion","floor":29.0,"gold_loss":0.0,"damage_taken":0.0},{"damage_healed":0.0,"max_hp_gain":0.0,"max_hp_loss":0.0,"gold_gain":0.0,"event_name":"Cursed Tome","player_choice":"Obtained Book","floor":30.0,"gold_loss":0.0,"damage_taken":21.0},{"damage_healed":0.0,"max_hp_gain":0.0,"max_hp_loss":0.0,"gold_gain":0.0,"event_name":"SensoryStone","player_choice":"Memory 2","floor":38.0,"gold_loss":0.0,"damage_taken":5.0},{"damage_healed":0,"gold_gain":0,"player_choice":"Upgraded","damage_taken":0,"max_hp_gain":0,"max_hp_loss":0,"event_name":"Upgrade Shrine","floor":42,"gold_loss":0,"cards_upgraded":["Catalyst"]},{"damage_healed":0,"gold_gain":0,"player_choice":"Fight","damage_taken":0,"max_hp_gain":0,"max_hp_loss":0,"event_name":"MindBloom","floor":46,"gold_loss":0},{"cards_removed":["Dagger Throw"],"damage_healed":0,"gold_gain":0,"player_choice":"Removed Attack","damage_taken":0,"max_hp_gain":0,"max_hp_loss":0,"event_name":"Falling","floor":48,"gold_loss":0}],"is_beta":false,"boss_relics":[{"not_picked":["Coffee Dripper","Tiny House"],"picked":"Philosopher\u0027s Stone"},{"not_picked":["Velvet Choker","HoveringKite"],"picked":"SacredBark"}],"items_purged_floors":[3,22,39],"is_endless":false,"potions_floor_spawned":[2,10,11,14,18,20,25,33,35,36,37,40,45,46,47],"ascension_level":15}