{"gold_per_floor":[217,235,246,266,280,280,297,328,328,293,321,111,111,131,131,202,202,190,203,223,223],"floor_reached":21,"playtime":1327,"items_purged":["Strike_G"],"score":351,"play_id":"c400c3bf-48d3-4812-88fd-00299e37eb6e","local_time":"20230328153038","is_ascension_mode":true,"campfire_choices":[{"data":"Neutralize","floor":6.0,"key":"SMITH"},{"floor":13,"key":"REST"},{"data":"Caltrops","floor":15,"key":"SMITH"}],"neow_cost":"NONE","seed_source_timestamp":659743290521700,"circlet_count":0,"master_deck":["AscendersBane","Strike_G","Strike_G","Strike_G","Strike_G","Defend_G","Defend_G","Defend_G","Defend_G","Defend_G","Survivor","Neutralize+1","Flying Knee","Caltrops+1","Blur","Dagger Throw","Skewer","Noxious Fumes","Dagger Spray","Well Laid Plans","Deadly Poison","Deflect","Acrobatics","Backflip","PiercingWail","Prepared"],"special_seed":0,"relics":["Ring of the Serpent","Du-Vu Doll","Prayer Wheel","TungstenRod"],"potions_floor_usage":[11,16,20,20,21],"damage_taken":[{"damage":3.0,"enemies":"2 Louse","floor":1.0,"turns":3.0},{"damage":3.0,"enemies":"Jaw Worm","floor":2.0,"turns":6.0},{"damage":6.0,"enemies":"Small Slimes","floor":3.0,"turns":5.0},{"damage":0.0,"enemies":"2 Fungi Beasts","floor":4.0,"turns":4.0},{"damage":6.0,"enemies":"Lots of Slimes","floor":5.0,"turns":8.0},{"damage":0.0,"enemies":"Red Slaver","floor":7.0,"turns":4.0},{"damage":36.0,"enemies":"Lagavulin","floor":8.0,"turns":11.0},{"damage":7,"enemies":"Gremlin Nob","floor":11,"turns":3},{"damage":0,"enemies":"3 Louse","floor":14,"turns":3},{"damage":3,"enemies":"Hexaghost","floor":16,"turns":9},{"damage":23,"enemies":"2 Thieves","floor":18,"turns":4},{"damage":15,"enemies":"Chosen","floor":19,"turns":7},{"damage":18,"enemies":"Snake Plant","floor":20,"turns":4},{"damage":13,"enemies":"Centurion and Healer","floor":21,"turns":1}],"seed_played":"-7844911554323888889","potions_obtained":[{"floor":1.0,"key":"Dexterity Potion"},{"floor":7.0,"key":"Block Potion"},{"floor":8.0,"key":"DuplicationPotion"},{"floor":11,"key":"Fire Potion"},{"floor":14,"key":"AttackPotion"},{"floor":18,"key":"Weak Potion"},{"floor":20,"key":"PowerPotion"}],"is_trial":false,"path_per_floor":["M","M","M","M","M","R","M","E","T","?","E","$","R","M","R","B",null,"M","M","M","M"],"character_chosen":"THE_SILENT","items_purchased":["Well Laid Plans","Deadly Poison"],"campfire_rested":1,"item_purchase_floors":[12,12],"current_hp_per_floor":[56,53,47,47,41,41,41,5,5,21,14,14,33,33,33,30,57,34,19,1,0],"gold":223,"neow_bonus":"HUNDRED_GOLD","is_prod":false,"is_daily":false,"chose_seed":false,"campfire_upgraded":2,"win_rate":0,"timestamp":1680042638,"path_taken":["M","M","M","M","M","R","M","E","T","?","E","$","R","M","R","BOSS","M","M","M","M"],"build_version":"2022-12-18","purchased_purges":1,"victory":false,"max_hp_per_floor":[66,66,66,66,66,66,66,66,66,66,66,66,66,66,66,66,66,66,66,66,66],"card_choices":[{"not_picked":["Distraction","Eviscerate"],"picked":"Flying Knee","floor":1.0},{"not_picked":["Eviscerate","Tactician"],"picked":"Caltrops","floor":2.0},{"not_picked":["Acrobatics","Poisoned Stab"],"picked":"Blur","floor":3.0},{"not_picked":["Flying Knee","Escape Plan","Bane"],"picked":"SKIP","floor":4.0},{"not_picked":["Catalyst","Backflip"],"picked":"Dagger Throw","floor":5.0},{"not_picked":["Finisher","Cloak And Dagger"],"picked":"Skewer","floor":7.0},{"not_picked":["Sucker Punch","Cloak And Dagger"],"picked":"Noxious Fumes","floor":8.0},{"not_picked":["Distraction","Die Die Die"],"picked":"Dagger Spray","floor":11},{"not_picked":["Slice","Backstab"],"picked":"Deflect","floor":14},{"not_picked":["Quick Slash","Dagger Spray","Outmaneuver"],"picked":"SKIP","floor":14},{"not_picked":["Deadly Poison","Underhanded Strike"],"picked":"Acrobatics","floor":18},{"not_picked":["Dodge and Roll","Poisoned Stab","Outmaneuver"],"picked":"SKIP","floor":18},{"not_picked":["Endless Agony","Expertise"],"picked":"Backflip","floor":19},{"not_picked":["Predator","Well Laid Plans","Blur"],"picked":"SKIP","floor":19},{"not_picked":["Crippling Poison","Noxious Fumes+1"],"picked":"PiercingWail","floor":20},{"not_picked":["Distraction","Dagger Throw"],"picked":"Prepared","floor":20}],"player_experience":773973,"relics_obtained":[{"floor":8.0,"key":"Du-Vu Doll"},{"floor":9.0,"key":"Prayer Wheel"},{"floor":11,"key":"TungstenRod"}],"event_choices":[{"damage_healed":16.0,"max_hp_gain":0.0,"max_hp_loss":0.0,"gold_gain":0.0,"event_name":"The Cleric","player_choice":"Healed","floor":10.0,"gold_loss":35.0,"damage_taken":0.0}],"is_beta":false,"boss_relics":[{"not_picked":["Tiny House","Fusion Hammer"],"picked":"Ring of the Serpent"}],"items_purged_floors":[12],"is_endless":false,"potions_floor_spawned":[1,7,8,11,14,18,20],"killed_by":"Centurion and Healer","ascension_level":16}