{"gold_per_floor":[114,128,138,94,104,129,129,140,140,159,179,179,179,197,197,276,276,289,307,307,321,321,321,349,274,274,274,3,30,30],"floor_reached":30,"playtime":2216,"items_purged":["Strike_G+1"],"score":503,"play_id":"58b74c5d-157a-4cde-a7d5-3900d681f1f2","local_time":"20230416190035","is_ascension_mode":true,"campfire_choices":[{"floor":7.0,"key":"REST"},{"data":"Blade Dance","floor":13.0,"key":"SMITH"},{"floor":15.0,"key":"REST"},{"floor":23.0,"key":"REST"}],"neow_cost":"NONE","seed_source_timestamp":0,"circlet_count":0,"master_deck":["AscendersBane","Strike_G+1","Defend_G+1","Defend_G+1","Defend_G+1","Defend_G+1","Survivor","Neutralize","Blade Dance+1","Dagger Throw","Blade Dance","Backflip","Footwork","Cloak And Dagger","Quick Slash","Tactician","Calculated Gamble","After Image","Blade Dance","Backflip","Prepared+1","Eviscerate","Grand Finale+1","Prepared","Leg Sweep"],"special_seed":0,"relics":["Ring of the Snake","Nunchaku","Potion Belt","Bag of Marbles","Empty Cage","Akabeko","Molten Egg 2","Frozen Egg 2"],"potions_floor_usage":[],"damage_taken":[{"damage":3.0,"enemies":"Cultist","floor":1.0,"turns":5.0},{"damage":7.0,"enemies":"Small Slimes","floor":2.0,"turns":3.0},{"damage":0.0,"enemies":"Jaw Worm","floor":3.0,"turns":4.0},{"damage":0.0,"enemies":"3 Louse","floor":5.0,"turns":3.0},{"damage":32.0,"enemies":"3 Sentries","floor":6.0,"turns":11.0},{"damage":0.0,"enemies":"2 Fungi Beasts","floor":8.0,"turns":3.0},{"damage":0.0,"enemies":"Looter","floor":10.0,"turns":3.0},{"damage":2.0,"enemies":"3 Louse","floor":11.0,"turns":2.0},{"damage":0.0,"enemies":"2 Fungi Beasts","floor":14.0,"turns":3.0},{"damage":34.0,"enemies":"Slime Boss","floor":16.0,"turns":14.0},{"damage":6.0,"enemies":"Spheric Guardian","floor":18.0,"turns":6.0},{"damage":0.0,"enemies":"3 Byrds","floor":19.0,"turns":5.0},{"damage":40.0,"enemies":"Cultist and Chosen","floor":21.0,"turns":10.0},{"damage":24.0,"enemies":"Slavers","floor":24.0,"turns":9.0},{"damage":10.0,"enemies":"Colosseum Slavers","floor":27.0,"turns":5.0},{"damage":7.0,"enemies":"Book of Stabbing","floor":29.0,"turns":5.0},{"damage":8,"enemies":"Snake Plant","floor":30,"turns":1}],"seed_played":"-8393559433720799988","potions_obtained":[{"floor":5.0,"key":"Fire Potion"},{"floor":10.0,"key":"Regen Potion"},{"floor":11.0,"key":"SpeedPotion"},{"floor":16.0,"key":"SneckoOil"},{"floor":21.0,"key":"Poison Potion"},{"floor":29.0,"key":"Weak Potion"}],"is_trial":false,"path_per_floor":["M","M","M","?","M","E","R","M","T","M","M","?","R","M","R","B",null,"M","M","?","M","?","R","E","?","T","?","$","E","M"],"character_chosen":"THE_SILENT","items_purchased":["Grand Finale+1","Prepared","AttackPotion"],"campfire_rested":3,"item_purchase_floors":[28,28,28],"current_hp_per_floor":[56,49,49,49,49,17,36,36,36,36,34,34,34,34,53,19,54,48,48,48,23,23,42,18,18,18,8,8,1,0],"gold":30,"neow_bonus":"RANDOM_COMMON_RELIC","is_prod":false,"is_daily":false,"chose_seed":false,"campfire_upgraded":1,"win_rate":0,"timestamp":1681696835,"path_taken":["M","M","M","?","M","E","R","M","T","M","M","?","R","M","R","BOSS","M","M","?","M","?","R","E","?","T","?","$","E","M"],"build_version":"2022-12-18","purchased_purges":1,"victory":false,"max_hp_per_floor":[66,66,66,66,66,66,66,66,66,66,66,66,66,66,66,66,66,66,66,66,66,66,66,66,66,66,66,66,66,66],"card_choices":[{"not_picked":["Prepared","Cloak And Dagger"],"picked":"Blade Dance","floor":1.0},{"not_picked":["Infinite Blades","Distraction"],"picked":"Dagger Throw","floor":2.0},{"not_picked":["Cloak And Dagger","Heel Hook"],"picked":"Blade Dance","floor":3.0},{"not_picked":["Outmaneuver","Sucker Punch"],"picked":"Backflip","floor":5.0},{"not_picked":["Bullet Time","Deflect"],"picked":"Footwork","floor":6.0},{"not_picked":["Finisher","Deadly Poison"],"picked":"Cloak And Dagger","floor":8.0},{"not_picked":["Caltrops","Flechettes"],"picked":"Quick Slash","floor":10.0},{"not_picked":["Bane","Quick Slash","Heel Hook"],"picked":"SKIP","floor":11.0},{"not_picked":["Distraction","PiercingWail"],"picked":"Calculated Gamble","floor":14.0},{"not_picked":["Unload","Adrenaline"],"picked":"After Image","floor":16.0},{"not_picked":["Deadly Poison","Footwork"],"picked":"Blade Dance","floor":18.0},{"not_picked":["PiercingWail","Deflect"],"picked":"Backflip","floor":19.0},{"not_picked":["Heel Hook","All Out Attack"],"picked":"Prepared+1","floor":21.0},{"not_picked":["Deadly Poison","Crippling Poison"],"picked":"Eviscerate","floor":24.0},{"not_picked":["Finisher+1","Slice+1"],"picked":"Leg Sweep","floor":29.0}],"player_experience":799173,"relics_obtained":[{"floor":6.0,"key":"Potion Belt"},{"floor":9.0,"key":"Bag of Marbles"},{"floor":24.0,"key":"Akabeko"},{"floor":26.0,"key":"Molten Egg 2"},{"floor":29.0,"key":"Frozen Egg 2"}],"event_choices":[{"damage_healed":0.0,"max_hp_gain":0.0,"max_hp_loss":0.0,"gold_gain":0.0,"event_name":"World of Goop","player_choice":"Left Gold","floor":4.0,"gold_loss":44.0,"damage_taken":0.0},{"damage_healed":0.0,"max_hp_gain":0.0,"max_hp_loss":0.0,"gold_gain":0.0,"cards_transformed":["Strike_G"],"event_name":"Living Wall","player_choice":"Change","floor":12.0,"gold_loss":0.0,"damage_taken":0.0,"cards_obtained":["Tactician"]},{"damage_healed":0.0,"max_hp_gain":0.0,"max_hp_loss":0.0,"gold_gain":0.0,"event_name":"Vampires","player_choice":"Ignored","floor":20.0,"gold_loss":0.0,"damage_taken":0.0},{"damage_healed":0.0,"max_hp_gain":0.0,"max_hp_loss":0.0,"gold_gain":0.0,"event_name":"Back to Basics","player_choice":"Simplicity","floor":22.0,"gold_loss":0.0,"damage_taken":0.0,"cards_upgraded":["Strike_G","Strike_G","Strike_G","Defend_G","Defend_G","Defend_G","Defend_G"]},{"cards_removed":["Strike_G"],"damage_healed":0.0,"max_hp_gain":0.0,"max_hp_loss":0.0,"gold_gain":0.0,"event_name":"Beggar","player_choice":"Gave Gold","floor":25.0,"gold_loss":75.0,"damage_taken":0.0},{"damage_healed":0.0,"max_hp_gain":0.0,"max_hp_loss":0.0,"gold_gain":0.0,"event_name":"Colosseum","player_choice":"Fight","floor":27.0,"gold_loss":0.0,"damage_taken":0.0},{"damage_healed":0.0,"max_hp_gain":0.0,"max_hp_loss":0.0,"gold_gain":0.0,"event_name":"Colosseum","player_choice":"Fled From Nobs","floor":27.0,"gold_loss":0.0,"damage_taken":0.0}],"is_beta":false,"boss_relics":[{"not_picked":["Velvet Choker","Sozu"],"picked":"Empty Cage"}],"items_purged_floors":[28],"is_endless":false,"potions_floor_spawned":[5,10,11,16,21,29],"killed_by":"Snake Plant","ascension_level":17}