{"gold_per_floor":[109,109,134,149,172,20,20,41,113,134,148,148,182,182,182,278,278,296,296,315,64,88,88,129,154,205,205,230,230,230,145,145,236,236,257,278,292,156,170,170,211,211,211,232,247,265,305,305,305,305],"floor_reached":51,"playtime":6293,"items_purged":["Strike_G","Normality"],"score":1406,"play_id":"ddf8f526-50d0-46fd-aaef-953a0b96b12f","local_time":"20230425212623","is_ascension_mode":true,"campfire_choices":[{"data":"Wraith Form v2","floor":7.0,"key":"SMITH"},{"floor":12.0,"key":"REST"},{"floor":15.0,"key":"REST"},{"data":"Footwork","floor":23.0,"key":"SMITH"},{"data":"Neutralize","floor":27.0,"key":"SMITH"},{"floor":30.0,"key":"REST"},{"data":"Blade Dance","floor":32.0,"key":"SMITH"},{"data":"Wraith Form v2","floor":40.0,"key":"SMITH"},{"data":"A Thousand Cuts","floor":49.0,"key":"SMITH"}],"neow_cost":"TEN_PERCENT_HP_LOSS","seed_source_timestamp":0,"circlet_count":0,"master_deck":["AscendersBane","Strike_G","Defend_G","Defend_G","Survivor","Neutralize+1","Wraith Form v2+1","Dash","Slice","Dagger Spray","All Out Attack","Dagger Throw","Terror","Blur","Adrenaline","Infinite Blades","Catalyst","Backflip","Footwork+1","Backstab","Adrenaline","Poisoned Stab","Escape Plan+1","Adrenaline","Blade Dance+1","Wraith Form v2+1","Terror+1","Adrenaline+1","Expertise+1","Backflip+1","Setup+1","Blade Dance+1","Masterful Stab+1","Backflip","A Thousand Cuts+1"],"special_seed":0,"relics":["Ring of the Snake","Golden Idol","Ornamental Fan","Thread and Needle","Cursed Key","Smiling Mask","Bag of Preparation","Singing Bowl","Astrolabe","Letter Opener","StrikeDummy","The Specimen"],"potions_floor_usage":[50,50],"damage_taken":[{"damage":4.0,"enemies":"Cultist","floor":1.0,"turns":4.0},{"damage":4.0,"enemies":"Jaw Worm","floor":3.0,"turns":8.0},{"damage":0.0,"enemies":"2 Louse","floor":4.0,"turns":2.0},{"damage":2.0,"enemies":"Looter","floor":5.0,"turns":3.0},{"damage":2.0,"enemies":"Blue Slaver","floor":8.0,"turns":5.0},{"damage":4.0,"enemies":"Exordium Thugs","floor":10.0,"turns":5.0},{"damage":4.0,"enemies":"Lots of Slimes","floor":11.0,"turns":3.0},{"damage":3.0,"enemies":"Lagavulin","floor":13.0,"turns":9.0},{"damage":22.0,"enemies":"Slime Boss","floor":16.0,"turns":11.0},{"damage":3.0,"enemies":"2 Thieves","floor":18.0,"turns":5.0},{"damage":0.0,"enemies":"3 Byrds","floor":20.0,"turns":3.0},{"damage":1.0,"enemies":"Centurion and Healer","floor":22.0,"turns":10.0},{"damage":2.0,"enemies":"Gremlin Leader","floor":24.0,"turns":7.0},{"damage":0.0,"enemies":"Snake Plant","floor":25.0,"turns":4.0},{"damage":7.0,"enemies":"Sentry and Sphere","floor":28.0,"turns":8.0},{"damage":40.0,"enemies":"Collector","floor":33.0,"turns":16.0},{"damage":0.0,"enemies":"Orb Walker","floor":35.0,"turns":3.0},{"damage":0.0,"enemies":"3 Shapes","floor":36.0,"turns":3.0},{"damage":11.0,"enemies":"Writhing Mass","floor":37.0,"turns":9.0},{"damage":0.0,"enemies":"Jaw Worm Horde","floor":39.0,"turns":5.0},{"damage":0.0,"enemies":"Giant Head","floor":41.0,"turns":9.0},{"damage":0.0,"enemies":"Spire Growth","floor":44.0,"turns":3.0},{"damage":1.0,"enemies":"Sphere and 2 Shapes","floor":45.0,"turns":6.0},{"damage":0.0,"enemies":"Maw","floor":46.0,"turns":7.0},{"damage":0.0,"enemies":"Nemesis","floor":47.0,"turns":7.0},{"damage":36,"enemies":"Awakened One","floor":50,"turns":14}],"seed_played":"-6228505126588336391","potions_obtained":[{"floor":1.0,"key":"LiquidBronze"},{"floor":3.0,"key":"Fire Potion"},{"floor":11.0,"key":"LiquidMemories"},{"floor":16.0,"key":"LiquidMemories"},{"floor":20.0,"key":"SpeedPotion"},{"floor":25.0,"key":"SpeedPotion"},{"floor":39.0,"key":"FearPotion"},{"floor":41.0,"key":"Strength Potion"},{"floor":47.0,"key":"Dexterity Potion"}],"is_trial":false,"path_per_floor":["M","?","M","M","M","$","R","M","T","M","M","R","E","?","R","B",null,"M","?","M","$","M","R","E","M","T","R","M","?","R","?","R","B",null,"M","M","M","$","M","R","E","?","T","M","M","M","E","?","R","B",null],"character_chosen":"THE_SILENT","items_purchased":["All Out Attack","Footwork","Backstab","Adrenaline","CunningPotion"],"campfire_rested":3,"item_purchase_floors":[6,21,21,21,38],"current_hp_per_floor":[55,34,30,30,28,28,28,26,26,22,18,36,33,26,44,22,51,48,48,48,48,47,47,45,45,45,45,38,38,56,56,56,16,49,49,49,38,38,40,40,40,40,40,42,41,43,43,43,43,7],"gold":305,"neow_bonus":"THREE_RARE_CARDS","is_prod":false,"is_daily":false,"chose_seed":false,"campfire_upgraded":6,"win_rate":0,"timestamp":1682483183,"path_taken":["M","?","M","M","M","$","R","M","T","M","M","R","E","?","R","BOSS","M","?","M","$","M","R","E","M","T","R","M","?","R","?","R","BOSS","M","M","M","$","M","R","E","?","T","M","M","?","E","?","R","BOSS"],"build_version":"2022-12-18","purchased_purges":2,"victory":true,"max_hp_per_floor":[60,60,60,60,60,60,60,60,60,60,60,60,60,60,60,60,60,60,60,60,60,60,60,60,60,60,60,60,60,60,60,60,60,60,60,60,60,60,62,62,62,62,62,64,64,66,66,63,63,63],"card_choices":[{"not_picked":["Malaise","Night Terror"],"picked":"Wraith Form v2","floor":0.0},{"not_picked":["Eviscerate","Distraction"],"picked":"Dash","floor":1.0},{"not_picked":["PiercingWail","Outmaneuver"],"picked":"Slice","floor":3.0},{"not_picked":["Underhanded Strike","Quick Slash","Infinite Blades"],"picked":"SKIP","floor":4.0},{"not_picked":["Dagger Throw","Bane"],"picked":"Dagger Spray","floor":5.0},{"not_picked":["Skewer","Flechettes","Quick Slash"],"picked":"SKIP","floor":8.0},{"not_picked":["Heel Hook","Outmaneuver"],"picked":"Dagger Throw","floor":10.0},{"not_picked":["Catalyst","Glass Knife"],"picked":"Terror","floor":11.0},{"not_picked":["Masterful Stab","Cloak And Dagger"],"picked":"Blur","floor":13.0},{"not_picked":["Unload","Tools of the Trade"],"picked":"Adrenaline","floor":16.0},{"not_picked":["Catalyst","Sucker Punch","Distraction"],"picked":"SKIP","floor":18.0},{"not_picked":["PiercingWail","Bane"],"picked":"Backflip","floor":20.0},{"not_picked":["Dagger Throw","Setup"],"picked":"Poisoned Stab","floor":22.0},{"not_picked":["Cloak And Dagger","Riddle With Holes"],"picked":"Escape Plan+1","floor":24.0},{"not_picked":["Heel Hook","Poisoned Stab","Catalyst"],"picked":"SKIP","floor":25.0},{"not_picked":["Expertise","Quick Slash"],"picked":"Adrenaline","floor":28.0},{"not_picked":["Die Die Die","Burst"],"picked":"Wraith Form v2","floor":33.0},{"not_picked":["Dash","Poisoned Stab"],"picked":"Backflip+1","floor":35.0},{"not_picked":["Underhanded Strike+1","Outmaneuver"],"picked":"Setup+1","floor":36.0},{"not_picked":["PiercingWail+1","Outmaneuver"],"picked":"Blade Dance+1","floor":37.0},{"not_picked":["Tactician","Outmaneuver","Endless Agony"],"picked":"Singing Bowl","floor":39.0},{"not_picked":["Dagger Throw+1","Prepared+1"],"picked":"Masterful Stab+1","floor":41.0},{"not_picked":["Slice","Dagger Spray","Glass Knife"],"picked":"Singing Bowl","floor":44.0},{"not_picked":["PiercingWail","Prepared"],"picked":"Backflip","floor":45.0},{"not_picked":["Dagger Throw","Flying Knee","Endless Agony"],"picked":"Singing Bowl","floor":46.0},{"not_picked":["Concentrate","Outmaneuver"],"picked":"A Thousand Cuts","floor":47.0}],"player_experience":801389,"relics_obtained":[{"floor":9.0,"key":"Ornamental Fan"},{"floor":13.0,"key":"Thread and Needle"},{"floor":24.0,"key":"Smiling Mask"},{"floor":26.0,"key":"Bag of Preparation"},{"floor":41.0,"key":"Letter Opener"},{"floor":43.0,"key":"StrikeDummy"},{"floor":47.0,"key":"The Specimen"}],"event_choices":[{"damage_healed":0.0,"max_hp_gain":0.0,"max_hp_loss":0.0,"gold_gain":0.0,"event_name":"Golden Idol","player_choice":"Take Damage","floor":2.0,"gold_loss":0.0,"damage_taken":21.0,"relics_obtained":["Golden Idol"]},{"cards_removed":["Strike_G"],"damage_healed":0.0,"max_hp_gain":0.0,"max_hp_loss":0.0,"gold_gain":0.0,"event_name":"Golden Wing","player_choice":"Card Removal","floor":14.0,"gold_loss":0.0,"damage_taken":7.0},{"damage_healed":0.0,"max_hp_gain":0.0,"max_hp_loss":0.0,"gold_gain":0.0,"cards_transformed":["Strike_G","Defend_G"],"event_name":"Drug Dealer","player_choice":"Became Test Subject","floor":19.0,"gold_loss":0.0,"damage_taken":0.0,"cards_obtained":["Infinite Blades","Catalyst"]},{"damage_healed":0.0,"max_hp_gain":0.0,"max_hp_loss":0.0,"gold_gain":0.0,"event_name":"The Library","player_choice":"Read","floor":29.0,"gold_loss":0.0,"damage_taken":0.0,"cards_obtained":["Blade Dance"]},{"damage_healed":0.0,"max_hp_gain":0.0,"max_hp_loss":0.0,"gold_gain":0.0,"event_name":"Addict","player_choice":"Obtained Relic","floor":31.0,"gold_loss":85.0,"damage_taken":0.0,"relics_obtained":["Singing Bowl"]},{"damage_healed":0.0,"max_hp_gain":0.0,"max_hp_loss":0.0,"gold_gain":0.0,"event_name":"Wheel of Change","player_choice":"Cursed","floor":42.0,"gold_loss":0.0,"damage_taken":0.0,"cards_obtained":["Decay"]},{"cards_removed":["Doubt","Decay","Parasite"],"damage_healed":0.0,"max_hp_gain":0.0,"max_hp_loss":0.0,"gold_gain":0.0,"event_name":"Fountain of Cleansing","player_choice":"Removed Curses","floor":48.0,"gold_loss":0.0,"damage_taken":0.0}],"is_beta":false,"boss_relics":[{"not_picked":["Philosopher\u0027s Stone","HoveringKite"],"picked":"Cursed Key"},{"not_picked":["Snecko Eye","SacredBark"],"picked":"Astrolabe"}],"items_purged_floors":[6,38],"is_endless":false,"potions_floor_spawned":[1,3,11,16,20,25,39,41,47],"ascension_level":17}