{"gold_per_floor":[113,113,133,147,147,147,163,197,244,256,256,406,406,153,153,226,226,244,244,260,260],"floor_reached":21,"playtime":1536,"items_purged":["Doubt"],"score":340,"play_id":"5aaa17d1-12c8-4a13-b2f3-84ffe4a29346","local_time":"20230601212304","is_ascension_mode":true,"campfire_choices":[{"data":"Envenom","floor":6.0,"key":"SMITH"},{"floor":11.0,"key":"REST"},{"data":"Neutralize","floor":15.0,"key":"SMITH"}],"neow_cost":"NONE","seed_source_timestamp":0,"circlet_count":0,"master_deck":["AscendersBane","Strike_G","Strike_G","Strike_G","Defend_G+1","Defend_G+1","Defend_G","Survivor","Neutralize+1","Predator","Envenom+1","Cloak And Dagger","Burst","Dash","Dagger Spray","Quick Slash","Escape Plan","Well Laid Plans","Malaise","Accuracy","Accuracy","Calculated Gamble"],"special_seed":0,"relics":["Ring of the Snake","Art of War","Ornamental Fan","War Paint","Cursed Key"],"potions_floor_usage":[16,18],"damage_taken":[{"damage":2.0,"enemies":"Jaw Worm","floor":1.0,"turns":5.0},{"damage":11.0,"enemies":"Small Slimes","floor":3.0,"turns":7.0},{"damage":0.0,"enemies":"Cultist","floor":4.0,"turns":5.0},{"damage":1.0,"enemies":"Blue Slaver","floor":7.0,"turns":5.0},{"damage":12.0,"enemies":"Lagavulin","floor":8.0,"turns":8.0},{"damage":2.0,"enemies":"Large Slime","floor":10.0,"turns":6.0},{"damage":6,"enemies":"Hexaghost","floor":16,"turns":9},{"damage":24,"enemies":"Spheric Guardian","floor":18,"turns":9},{"damage":0,"enemies":"Shell Parasite","floor":20,"turns":8},{"damage":42,"enemies":"Cultist and Chosen","floor":21,"turns":5}],"seed_played":"2303116703637010089","potions_obtained":[{"floor":1.0,"key":"ColorlessPotion"},{"floor":3.0,"key":"PowerPotion"},{"floor":8.0,"key":"CunningPotion"},{"floor":18,"key":"LiquidBronze"}],"is_trial":false,"path_per_floor":["M","?","M","M","?","R","M","E","T","M","R","?","?","$","R","B",null,"M","?","M","M"],"character_chosen":"THE_SILENT","items_purchased":["Escape Plan","Well Laid Plans"],"campfire_rested":1,"item_purchase_floors":[14,14],"current_hp_per_floor":[57,57,46,46,39,39,38,26,26,24,43,43,43,43,43,37,59,35,35,35,0],"gold":260,"neow_bonus":"RANDOM_COMMON_RELIC","is_prod":false,"is_daily":false,"chose_seed":false,"campfire_upgraded":2,"win_rate":0,"timestamp":1685679784,"path_taken":["M","?","M","M","?","R","M","E","T","M","R","?","?","$","R","BOSS","M","?","M","M"],"build_version":"2022-12-18","purchased_purges":1,"victory":false,"max_hp_per_floor":[66,66,66,66,66,66,66,66,66,66,66,66,66,66,66,66,66,66,66,66,66],"card_choices":[{"not_picked":["Accuracy","Poisoned Stab"],"picked":"Predator","floor":1.0},{"not_picked":["Acrobatics","PiercingWail"],"picked":"Cloak And Dagger","floor":3.0},{"not_picked":["Underhanded Strike","Cloak And Dagger"],"picked":"Burst","floor":4.0},{"not_picked":["All Out Attack","Deadly Poison"],"picked":"Dash","floor":7.0},{"not_picked":["Skewer","Blur"],"picked":"Dagger Spray","floor":8.0},{"not_picked":["Cloak And Dagger","Slice"],"picked":"Quick Slash","floor":10.0},{"not_picked":["Tools of the Trade","Night Terror"],"picked":"Malaise","floor":16},{"not_picked":["Flying Knee","Backstab"],"picked":"Accuracy","floor":18},{"not_picked":["Escape Plan","Underhanded Strike","All Out Attack"],"picked":"SKIP","floor":20},{"not_picked":["Escape Plan","Underhanded Strike","All Out Attack"],"picked":"SKIP","floor":20}],"player_experience":825837,"relics_obtained":[{"floor":8.0,"key":"Ornamental Fan"},{"floor":9.0,"key":"War Paint"}],"event_choices":[{"damage_healed":0.0,"max_hp_gain":0.0,"max_hp_loss":0.0,"gold_gain":0.0,"cards_transformed":["Strike_G"],"event_name":"Living Wall","player_choice":"Change","floor":2.0,"gold_loss":0.0,"damage_taken":0.0,"cards_obtained":["Envenom"]},{"cards_removed":["Defend_G"],"damage_healed":0.0,"max_hp_gain":0.0,"max_hp_loss":0.0,"gold_gain":0.0,"event_name":"Golden Wing","player_choice":"Card Removal","floor":5.0,"gold_loss":0.0,"damage_taken":7.0},{"damage_healed":0.0,"max_hp_gain":0.0,"max_hp_loss":0.0,"gold_gain":150.0,"event_name":"Liars Game","player_choice":"AGREE","floor":12.0,"gold_loss":0.0,"damage_taken":0.0,"cards_obtained":["Doubt"]},{"damage_healed":0.0,"max_hp_gain":0.0,"max_hp_loss":0.0,"gold_gain":0.0,"event_name":"Dead Adventurer","player_choice":"Searched \u00270\u0027 times","floor":13.0,"gold_loss":0.0,"damage_taken":0.0},{"damage_healed":0,"gold_gain":0,"cards_transformed":["Strike_G","Defend_G"],"player_choice":"Became Test Subject","damage_taken":0,"max_hp_gain":0,"max_hp_loss":0,"event_name":"Drug Dealer","floor":19,"gold_loss":0,"cards_obtained":["Accuracy","Calculated Gamble"]}],"is_beta":false,"boss_relics":[{"not_picked":["Fusion Hammer","Tiny House"],"picked":"Cursed Key"}],"items_purged_floors":[14],"is_endless":false,"potions_floor_spawned":[1,3,8,18],"killed_by":"Cultist and Chosen","ascension_level":18}