{"gold_per_floor":[118,136,211,222,222,222,251,271,271,298,318,341,341,341,341,341],"floor_reached":16,"playtime":848,"items_purged":[],"score":198,"play_id":"02d1d4f0-e746-46b0-8e18-2fd357e57b6c","local_time":"20230531222302","is_ascension_mode":true,"campfire_choices":[{"floor":6.0,"key":"REST"},{"floor":13.0,"key":"REST"},{"data":"Calculated Gamble","floor":15.0,"key":"SMITH"}],"neow_cost":"PERCENT_DAMAGE","seed_source_timestamp":0,"circlet_count":0,"master_deck":["AscendersBane","Strike_G","Strike_G","Strike_G","Strike_G","Strike_G","Defend_G","Defend_G","Defend_G","Defend_G","Defend_G","Survivor","Neutralize","Poisoned Stab","Reflex","Cloak And Dagger","Backflip","All Out Attack","Deadly Poison","Well Laid Plans","Calculated Gamble+1"],"special_seed":0,"relics":["Ring of the Snake","Du-Vu Doll","Matryoshka","CeramicFish","White Beast Statue","Golden Idol"],"potions_floor_usage":[16,16],"damage_taken":[{"damage":0.0,"enemies":"2 Louse","floor":1.0,"turns":3.0},{"damage":1.0,"enemies":"Small Slimes","floor":2.0,"turns":3.0},{"damage":1.0,"enemies":"Jaw Worm","floor":4.0,"turns":3.0},{"damage":25.0,"enemies":"3 Sentries","floor":7.0,"turns":10.0},{"damage":1.0,"enemies":"Large Slime","floor":8.0,"turns":6.0},{"damage":6.0,"enemies":"Blue Slaver","floor":10.0,"turns":4.0},{"damage":6.0,"enemies":"Lots of Slimes","floor":11.0,"turns":4.0},{"damage":2.0,"enemies":"Looter","floor":12.0,"turns":4.0},{"damage":46,"enemies":"Slime Boss","floor":16,"turns":7}],"seed_played":"-2849895599338914455","potions_obtained":[{"floor":2.0,"key":"Fire Potion"},{"floor":4.0,"key":"EssenceOfSteel"},{"floor":7.0,"key":"ColorlessPotion"},{"floor":10.0,"key":"BlessingOfTheForge"},{"floor":12.0,"key":"DuplicationPotion"}],"is_trial":false,"path_per_floor":["M","M","?","M","?","R","E","M","T","M","M","M","R","?","R","B"],"character_chosen":"THE_SILENT","items_purchased":[],"campfire_rested":2,"item_purchase_floors":[],"current_hp_per_floor":[44,43,32,31,36,57,32,31,31,25,19,17,38,38,38,0],"gold":341,"neow_bonus":"ONE_RARE_RELIC","is_prod":false,"is_daily":false,"chose_seed":false,"campfire_upgraded":1,"win_rate":0,"timestamp":1685596982,"path_taken":["M","M","?","M","?","R","E","M","T","M","M","M","R","?","R","BOSS"],"build_version":"2022-12-18","purchased_purges":0,"victory":false,"max_hp_per_floor":[66,66,66,66,71,71,71,71,71,71,71,71,71,64,64,64],"card_choices":[{"not_picked":["Flechettes","Cloak And Dagger"],"picked":"Poisoned Stab","floor":1.0},{"not_picked":["All Out Attack","Riddle With Holes"],"picked":"Reflex","floor":2.0},{"not_picked":["Bane","Dagger Throw"],"picked":"Cloak And Dagger","floor":4.0},{"not_picked":["Deadly Poison","All Out Attack"],"picked":"Backflip","floor":7.0},{"not_picked":["Backflip","Backstab"],"picked":"All Out Attack","floor":8.0},{"not_picked":["Outmaneuver","Distraction"],"picked":"Deadly Poison","floor":10.0},{"not_picked":["Slice","Dagger Throw"],"picked":"Well Laid Plans","floor":11.0},{"not_picked":["Distraction","Glass Knife"],"picked":"Calculated Gamble","floor":12.0}],"player_experience":824989,"relics_obtained":[{"floor":7.0,"key":"Matryoshka"},{"floor":9.0,"key":"CeramicFish"},{"floor":9.0,"key":"White Beast Statue"}],"event_choices":[{"damage_healed":0.0,"max_hp_gain":0.0,"max_hp_loss":0.0,"gold_gain":75.0,"event_name":"World of Goop","player_choice":"Gather Gold","floor":3.0,"gold_loss":0.0,"damage_taken":11.0},{"damage_healed":0.0,"max_hp_gain":5.0,"max_hp_loss":0.0,"gold_gain":0.0,"event_name":"Big Fish","player_choice":"Donut","floor":5.0,"gold_loss":0.0,"damage_taken":0.0},{"damage_healed":0.0,"max_hp_gain":0.0,"max_hp_loss":7.0,"gold_gain":0.0,"event_name":"Golden Idol","player_choice":"Lose Max HP","floor":14.0,"gold_loss":0.0,"damage_taken":0.0,"relics_obtained":["Golden Idol"]}],"is_beta":false,"boss_relics":[],"items_purged_floors":[],"is_endless":false,"potions_floor_spawned":[2,4,7,10,11,12],"killed_by":"Slime Boss","ascension_level":18}