{"gold_per_floor":[118,133,133,149,165,165,90,117,117,117,131,50,66,84,84,157,157,177,190,190,202,215,242,252,252,252,252,36,62,90,190,190,267,267,279,554,371,371,383,383,394,425,449,449,475,500,530,530,530,530],"floor_reached":51,"playtime":4048,"items_purged":["Strike_G+1"],"score":1735,"play_id":"3306ccf2-ef69-49c3-939c-f90495397391","local_time":"20230728164909","is_ascension_mode":true,"campfire_choices":[{"data":"Blade Dance","floor":6.0,"key":"SMITH"},{"data":"Malaise","floor":10.0,"key":"SMITH"},{"floor":15.0,"key":"REST"},{"data":"Finisher","floor":25.0,"key":"SMITH"},{"floor":27.0,"key":"REST"},{"data":"Well Laid Plans","floor":32.0,"key":"SMITH"},{"data":"A Thousand Cuts","floor":40.0,"key":"SMITH"},{"data":"Phantasmal Killer","floor":44.0,"key":"SMITH"},{"data":"Accuracy","floor":49,"key":"SMITH"}],"neow_cost":"NONE","seed_source_timestamp":1411526521604200,"circlet_count":0,"master_deck":["AscendersBane","Strike_G+1","Strike_G+1","Defend_G+1","Defend_G+1","Defend_G+1","Defend_G+1","Survivor","Neutralize","Blade Dance+1","Finisher+1","Prepared","Malaise+1","Backflip","Caltrops","Footwork","Accuracy+1","A Thousand Cuts+1","Footwork+1","Predator","Reflex","Blur","Well Laid Plans+1","Prepared","Blade Dance","Deflect","Accuracy+1","Adrenaline","Flash of Steel","Terror","Phantasmal Killer+1","Backflip+1"],"special_seed":0,"relics":["Ring of the Snake","NeowsBlessing","HornCleat","Omamori","Lantern","Empty Cage","Lizard Tail","Ninja Scroll","Nunchaku","Red Mask","Bag of Marbles","TungstenRod","Gremlin Horn","SlaversCollar","Kunai","InkBottle","Potion Belt","Question Card","Du-Vu Doll","Art of War"],"potions_floor_usage":[50,50,50,50],"damage_taken":[{"damage":0.0,"enemies":"Cultist","floor":1.0,"turns":1.0},{"damage":0.0,"enemies":"2 Louse","floor":2.0,"turns":1.0},{"damage":0.0,"enemies":"Jaw Worm","floor":4.0,"turns":1.0},{"damage":1.0,"enemies":"Looter","floor":5.0,"turns":4.0},{"damage":26.0,"enemies":"Gremlin Nob","floor":8.0,"turns":6.0},{"damage":0.0,"enemies":"Blue Slaver","floor":11.0,"turns":1.0},{"damage":12.0,"enemies":"Exordium Wildlife","floor":13.0,"turns":7.0},{"damage":10.0,"enemies":"Exordium Thugs","floor":14.0,"turns":4.0},{"damage":0.0,"enemies":"The Guardian","floor":16.0,"turns":11.0},{"damage":5.0,"enemies":"Shell Parasite","floor":18.0,"turns":5.0},{"damage":9.0,"enemies":"Chosen","floor":19.0,"turns":6.0},{"damage":7.0,"enemies":"Shelled Parasite and Fungi","floor":21.0,"turns":8.0},{"damage":0.0,"enemies":"Snake Plant","floor":22.0,"turns":7.0},{"damage":5.0,"enemies":"Book of Stabbing","floor":23.0,"turns":9.0},{"damage":0.0,"enemies":"Centurion and Healer","floor":24.0,"turns":8.0},{"damage":0.0,"enemies":"Masked Bandits","floor":29.0,"turns":4.0},{"damage":0.0,"enemies":"Gremlin Leader","floor":30.0,"turns":5.0},{"damage":2.0,"enemies":"Colosseum Slavers","floor":31.0,"turns":4.0},{"damage":6.0,"enemies":"Colosseum Nobs","floor":31.0,"turns":8.0},{"damage":2.0,"enemies":"Automaton","floor":33.0,"turns":8.0},{"damage":0.0,"enemies":"Orb Walker","floor":35.0,"turns":1.0},{"damage":0.0,"enemies":"3 Shapes","floor":39.0,"turns":2.0},{"damage":5.0,"enemies":"Sphere and 2 Shapes","floor":41.0,"turns":5.0},{"damage":9.0,"enemies":"Giant Head","floor":42.0,"turns":7.0},{"damage":0.0,"enemies":"Reptomancer","floor":45.0,"turns":4.0},{"damage":0,"enemies":"Mind Bloom Boss Battle","floor":46,"turns":3},{"damage":0,"enemies":"Nemesis","floor":47,"turns":1},{"damage":0,"enemies":"Time Eater","floor":50,"turns":12}],"seed_played":"5500913444502017403","potions_obtained":[{"floor":1.0,"key":"SpeedPotion"},{"floor":4.0,"key":"PowerPotion"},{"floor":11.0,"key":"PowerPotion"},{"floor":16.0,"key":"GhostInAJar"},{"floor":19.0,"key":"Explosive Potion"},{"floor":21.0,"key":"SteroidPotion"},{"floor":23.0,"key":"Block Potion"},{"floor":30.0,"key":"EssenceOfSteel"},{"floor":33.0,"key":"EssenceOfSteel"},{"floor":39.0,"key":"Dexterity Potion"},{"floor":45.0,"key":"EssenceOfSteel"},{"floor":47,"key":"FearPotion"}],"is_trial":false,"path_per_floor":["M","M","T","M","M","R","?","E","T","R","M","$","M","M","R","B",null,"M","M","?","M","M","E","M","R","T","R","$","?","E","?","R","B",null,"M","?","$","T","M","R","M","E","T","R","E","?","E","?","R","B",null],"character_chosen":"THE_SILENT","items_purchased":["Footwork","Blade Dance","Nunchaku","Flash of Steel"],"campfire_rested":2,"item_purchase_floors":[12,28,28,37],"current_hp_per_floor":[59,59,59,59,58,58,58,32,32,32,32,32,20,10,29,29,57,52,43,43,36,36,31,31,31,31,50,50,50,50,42,42,40,60,60,60,60,60,60,60,55,46,46,46,46,46,46,59,59,59],"gold":530,"neow_bonus":"THREE_ENEMY_KILL","is_prod":false,"is_daily":false,"chose_seed":false,"campfire_upgraded":7,"win_rate":0,"timestamp":1690588149,"path_taken":["M","M","?","M","M","R","?","E","T","R","M","$","M","M","R","BOSS","M","M","?","M","M","E","M","R","T","R","$","?","E","?","R","BOSS","M","?","$","?","M","R","?","E","T","R","E","?","E","?","R","BOSS"],"build_version":"2022-12-18","purchased_purges":1,"victory":true,"max_hp_per_floor":[66,66,66,66,66,66,66,66,66,66,66,66,66,66,66,66,66,66,66,66,66,66,66,66,66,66,66,66,66,66,66,66,66,66,66,66,66,66,66,66,66,66,66,66,66,66,66,66,66,66],"card_choices":[{"not_picked":["Masterful Stab","Poisoned Stab"],"picked":"Blade Dance","floor":1.0},{"not_picked":["Infinite Blades","Deadly Poison"],"picked":"Finisher","floor":2.0},{"not_picked":["Outmaneuver","Poisoned Stab"],"picked":"Prepared","floor":4.0},{"not_picked":["Masterful Stab","PiercingWail"],"picked":"Malaise","floor":5.0},{"not_picked":["Dagger Throw","Poisoned Stab"],"picked":"Backflip","floor":8.0},{"not_picked":["Flechettes","Dodge and Roll"],"picked":"Caltrops","floor":11.0},{"not_picked":["Sucker Punch","Terror"],"picked":"Accuracy","floor":13.0},{"not_picked":["Outmaneuver","Bullet Time","Dodge and Roll"],"picked":"SKIP","floor":14.0},{"not_picked":["Doppelganger","Bullet Time"],"picked":"A Thousand Cuts","floor":16.0},{"not_picked":["Heel Hook","Bouncing Flask"],"picked":"Footwork+1","floor":18.0},{"not_picked":["Crippling Poison","Poisoned Stab"],"picked":"Predator","floor":19.0},{"not_picked":["Poisoned Stab","All Out Attack"],"picked":"Reflex","floor":21.0},{"not_picked":["Endless Agony","Deadly Poison"],"picked":"Blur","floor":22.0},{"not_picked":["Dodge and Roll","Poisoned Stab"],"picked":"Well Laid Plans","floor":23.0},{"not_picked":["Footwork","Poisoned Stab"],"picked":"Prepared","floor":24.0},{"not_picked":["Underhanded Strike+1","Infinite Blades"],"picked":"Deflect","floor":30.0},{"not_picked":["Bane","Setup"],"picked":"Accuracy+1","floor":31.0},{"not_picked":["Unload","Grand Finale"],"picked":"Adrenaline","floor":33.0},{"not_picked":["Heel Hook+1","Caltrops","Dagger Spray+1"],"picked":"SKIP","floor":35.0},{"not_picked":["Infinite Blades","Dagger Spray","Leg Sweep"],"picked":"SKIP","floor":39.0},{"not_picked":["Acrobatics+1","Sucker Punch"],"picked":"Terror","floor":41.0},{"not_picked":["Cloak And Dagger+1","Doppelganger"],"picked":"Phantasmal Killer","floor":42.0},{"not_picked":["Quick Slash","Masterful Stab+1","Outmaneuver+1"],"picked":"SKIP","floor":45.0},{"not_picked":["Masterful Stab","Quick Slash","Noxious Fumes"],"picked":"Backflip+1","floor":46},{"not_picked":["Flying Knee","Finisher","Eviscerate+1","Glass Knife"],"picked":"SKIP","floor":47}],"player_experience":832593,"relics_obtained":[{"floor":3.0,"key":"HornCleat"},{"floor":8.0,"key":"Omamori"},{"floor":9.0,"key":"Lantern"},{"floor":23.0,"key":"Lizard Tail"},{"floor":26.0,"key":"Ninja Scroll"},{"floor":29.0,"key":"Red Mask"},{"floor":30.0,"key":"Bag of Marbles"},{"floor":31.0,"key":"TungstenRod"},{"floor":31.0,"key":"Gremlin Horn"},{"floor":38.0,"key":"Kunai"},{"floor":42.0,"key":"InkBottle"},{"floor":43.0,"key":"Potion Belt"},{"floor":45.0,"key":"Question Card"},{"floor":46,"key":"Du-Vu Doll"},{"floor":47,"key":"Art of War"}],"event_choices":[{"cards_removed":["Strike_G"],"damage_healed":0.0,"max_hp_gain":0.0,"max_hp_loss":0.0,"gold_gain":0.0,"event_name":"The Cleric","player_choice":"Card Removal","floor":7.0,"gold_loss":75.0,"damage_taken":0.0},{"damage_healed":0.0,"max_hp_gain":0.0,"max_hp_loss":0.0,"gold_gain":0.0,"event_name":"Back to Basics","player_choice":"Simplicity","floor":20.0,"gold_loss":0.0,"damage_taken":0.0,"cards_upgraded":["Strike_G","Strike_G","Strike_G","Defend_G","Defend_G","Defend_G","Defend_G"]},{"damage_healed":0.0,"max_hp_gain":0.0,"max_hp_loss":0.0,"gold_gain":0.0,"event_name":"Masked Bandits","player_choice":"Fought Bandits","floor":29.0,"gold_loss":0.0,"damage_taken":0.0},{"damage_healed":0.0,"max_hp_gain":0.0,"max_hp_loss":0.0,"gold_gain":0.0,"event_name":"Colosseum","player_choice":"Fight","floor":31.0,"gold_loss":0.0,"damage_taken":0.0},{"damage_healed":0.0,"max_hp_gain":0.0,"max_hp_loss":0.0,"gold_gain":0.0,"event_name":"Colosseum","player_choice":"Fought Nobs","floor":31.0,"gold_loss":0.0,"damage_taken":0.0},{"damage_healed":0.0,"max_hp_gain":0.0,"max_hp_loss":0.0,"gold_gain":275.0,"event_name":"Golden Shrine","player_choice":"Desecrate","floor":36.0,"gold_loss":0.0,"damage_taken":0.0,"cards_obtained":["Regret"]},{"damage_healed":0,"gold_gain":0,"player_choice":"Fight","damage_taken":0,"max_hp_gain":0,"max_hp_loss":0,"event_name":"MindBloom","floor":46,"gold_loss":0},{"damage_healed":13,"gold_gain":0,"player_choice":"Writhe","damage_taken":0,"max_hp_gain":0,"max_hp_loss":0,"event_name":"Winding Halls","floor":48,"gold_loss":0,"cards_obtained":["Writhe"]}],"is_beta":false,"boss_relics":[{"not_picked":["Velvet Choker","Ectoplasm"],"picked":"Empty Cage"},{"not_picked":["SacredBark","Philosopher\u0027s Stone"],"picked":"SlaversCollar"}],"items_purged_floors":[37],"is_endless":false,"potions_floor_spawned":[1,4,11,16,19,21,22,23,30,33,39,45,47],"ascension_level":18}