{"gold_per_floor":[119,119,134,134,155,155,230,230,230,273,43,63,76,100,100,228,228,251,251,265,290,72,72,0,13,13,13,112,112,112],"floor_reached":30,"playtime":1875,"items_purged":["Shame","Strike_G"],"score":278,"play_id":"522c61a4-d02d-491b-a1a3-07f69b89cbb0","local_time":"20230820170625","is_ascension_mode":true,"campfire_choices":[{"data":"CrushJoints","floor":6.0,"key":"SMITH"},{"data":"Neutralize","floor":8.0,"key":"SMITH"},{"data":"Blade Dance","floor":15.0,"key":"SMITH"},{"floor":23.0,"key":"REST"}],"neow_cost":"CURSE","seed_source_timestamp":0,"circlet_count":0,"master_deck":["Defend_G","Defend_G","Defend_G","Defend_G","Defend_G","Survivor","Neutralize+1","Unload","Blade Dance+1","CrushJoints+1","Warcry","Rage","Reflex","Well Laid Plans","Terror","Expertise","Chrysalis","Ghostly Armor+1","Footwork","PiercingWail","Bite","Bite","Bite","Bite","Bite"],"special_seed":0,"relics":["Ring of the Snake","PrismaticShard","Lantern","Golden Idol","Nunchaku","Strawberry","HoveringKite","Tiny Chest"],"potions_floor_usage":[],"damage_taken":[{"damage":2.0,"enemies":"Cultist","floor":1.0,"turns":5.0},{"damage":0.0,"enemies":"2 Louse","floor":3.0,"turns":2.0},{"damage":0.0,"enemies":"Small Slimes","floor":5.0,"turns":2.0},{"damage":7.0,"enemies":"Gremlin Nob","floor":10.0,"turns":3.0},{"damage":0.0,"enemies":"Blue Slaver","floor":12.0,"turns":2.0},{"damage":0.0,"enemies":"Lots of Slimes","floor":13.0,"turns":4.0},{"damage":0.0,"enemies":"2 Fungi Beasts","floor":14.0,"turns":3.0},{"damage":2.0,"enemies":"Hexaghost","floor":16.0,"turns":9.0},{"damage":25.0,"enemies":"Shell Parasite","floor":18.0,"turns":5.0},{"damage":4.0,"enemies":"3 Byrds","floor":20.0,"turns":5.0},{"damage":41.0,"enemies":"Cultist and Chosen","floor":21.0,"turns":8.0},{"damage":20,"enemies":"Shelled Parasite and Fungi","floor":25,"turns":10},{"damage":16,"enemies":"Snecko","floor":30,"turns":3}],"seed_played":"8611153827321753427","potions_obtained":[{"floor":3.0,"key":"Energy Potion"},{"floor":10.0,"key":"Explosive Potion"},{"floor":13.0,"key":"Poison Potion"},{"floor":18.0,"key":"CultistPotion"}],"is_trial":false,"path_per_floor":["M","T","M","?","M","R","?","R","T","E","$","M","M","M","R","B",null,"M","?","M","M","$","R","?","M","T","?","?","?","M"],"character_chosen":"THE_SILENT","items_purchased":["Reflex","Well Laid Plans","Footwork","PiercingWail"],"campfire_rested":1,"item_purchase_floors":[11,11,22,22],"current_hp_per_floor":[68,68,68,65,65,65,54,54,54,54,54,54,54,54,54,52,72,47,47,43,2,2,23,23,3,3,3,3,3,0],"gold":112,"neow_bonus":"THREE_RARE_CARDS","is_prod":false,"is_daily":false,"chose_seed":false,"campfire_upgraded":3,"win_rate":0,"timestamp":1692576385,"path_taken":["M","?","M","?","M","R","?","R","T","E","?","M","M","M","R","BOSS","M","?","M","?","$","R","?","M","T","?","?","?","M"],"build_version":"2022-12-18","purchased_purges":2,"victory":false,"max_hp_per_floor":[70,70,70,65,65,65,65,65,65,72,72,72,72,72,72,72,72,72,72,72,72,72,72,72,72,72,72,72,50,50],"card_choices":[{"not_picked":["Wraith Form v2","Envenom"],"picked":"Unload","floor":0.0},{"not_picked":["Outmaneuver","Coolheaded"],"picked":"Blade Dance","floor":1.0},{"not_picked":["Infinite Blades","Scrape"],"picked":"CrushJoints","floor":3.0},{"not_picked":["Rebound","ClearTheMind"],"picked":"Warcry","floor":5.0},{"not_picked":["Good Instincts","Anger"],"picked":"Rage","floor":10.0},{"not_picked":["Madness","Melter","Quick Slash"],"picked":"SKIP","floor":12.0},{"not_picked":["Weave","Thunderclap"],"picked":"Terror","floor":13.0},{"not_picked":["Beam Cell","Halt"],"picked":"Expertise","floor":14.0},{"not_picked":["Feed","Multi-Cast"],"picked":"Chrysalis","floor":16.0},{"not_picked":["Flying Knee+1","Deflect"],"picked":"Ghostly Armor+1","floor":18.0},{"not_picked":["Storm+1","Conserve Battery+1","Anger"],"picked":"SKIP","floor":20.0},{"not_picked":["FlyingSleeves+1","Iron Wave","Doom and Gloom"],"picked":"SKIP","floor":21.0},{"not_picked":["Discovery","Beam Cell","Rip and Tear+1"],"picked":"SKIP","floor":25}],"player_experience":857459,"relics_obtained":[{"floor":2.0,"key":"Lantern"},{"floor":9.0,"key":"Nunchaku"},{"floor":10.0,"key":"Strawberry"},{"floor":26,"key":"Tiny Chest"}],"event_choices":[{"damage_healed":0.0,"max_hp_gain":0.0,"max_hp_loss":5.0,"gold_gain":0.0,"event_name":"Golden Idol","player_choice":"Lose Max HP","floor":4.0,"gold_loss":0.0,"damage_taken":0.0,"relics_obtained":["Golden Idol"]},{"damage_healed":0.0,"max_hp_gain":0.0,"max_hp_loss":0.0,"gold_gain":75.0,"event_name":"World of Goop","player_choice":"Gather Gold","floor":7.0,"gold_loss":0.0,"damage_taken":11.0},{"damage_healed":0.0,"max_hp_gain":0.0,"max_hp_loss":0.0,"gold_gain":0.0,"event_name":"The Woman in Blue","player_choice":"Bought 0 Potions","floor":19.0,"gold_loss":0.0,"damage_taken":0.0},{"damage_healed":0,"gold_gain":0,"player_choice":"Paid Fearfully","damage_taken":0,"max_hp_gain":0,"max_hp_loss":0,"event_name":"Masked Bandits","floor":24,"gold_loss":72},{"damage_healed":0,"gold_gain":99,"player_choice":"Stole From Cult","damage_taken":0,"max_hp_gain":0,"max_hp_loss":0,"event_name":"Nest","floor":28,"gold_loss":0},{"damage_healed":0,"gold_gain":0,"player_choice":"Became a vampire","damage_taken":0,"max_hp_gain":0,"max_hp_loss":22,"event_name":"Vampires","floor":29,"gold_loss":0,"cards_obtained":["Bite","Bite","Bite","Bite","Bite"]}],"is_beta":false,"boss_relics":[{"not_picked":["Ring of the Serpent","Runic Dome"],"picked":"HoveringKite"}],"items_purged_floors":[11,22],"is_endless":false,"potions_floor_spawned":[3,10,13,18],"killed_by":"Snecko","ascension_level":2}