{"gold_per_floor":[363,373,373,18,43,79,79,98,98,98,119,119,139,162,162,251,251,230,251,251,195,120,120,164,164],"floor_reached":25,"playtime":2035,"items_purged":["Defend_G"],"score":435,"play_id":"daf238eb-ebf7-4afd-b2df-45031b3ef18d","local_time":"20230916230027","is_ascension_mode":true,"campfire_choices":[{"floor":7.0,"key":"REST"},{"data":"Dash","floor":12.0,"key":"SMITH"},{"floor":15.0,"key":"REST"},{"floor":23.0,"key":"REST"}],"neow_cost":"PERCENT_DAMAGE","seed_source_timestamp":0,"circlet_count":0,"master_deck":["AscendersBane","Strike_G+1","Strike_G+1","Strike_G+1","Strike_G+1","Defend_G+1","Defend_G+1","Defend_G+1","Defend_G+1","Survivor","Neutralize","Dash+1","Flying Knee","Eviscerate","PiercingWail","All Out Attack","Crippling Poison","Prepared","Terror","Adrenaline","Blade Dance","Noxious Fumes+1","Cloak And Dagger","Glass Knife"],"special_seed":0,"relics":["Ring of the Snake","Golden Idol","Ginger","Sundial","WristBlade","The Courier"],"potions_floor_usage":[],"damage_taken":[{"damage":3.0,"enemies":"2 Louse","floor":1.0,"turns":3.0},{"damage":1.0,"enemies":"Small Slimes","floor":2.0,"turns":5.0},{"damage":1.0,"enemies":"Jaw Worm","floor":5.0,"turns":4.0},{"damage":22.0,"enemies":"Lagavulin","floor":6.0,"turns":7.0},{"damage":0.0,"enemies":"2 Fungi Beasts","floor":8.0,"turns":3.0},{"damage":2.0,"enemies":"Blue Slaver","floor":11.0,"turns":4.0},{"damage":6.0,"enemies":"3 Louse","floor":13.0,"turns":2.0},{"damage":0.0,"enemies":"Looter","floor":14.0,"turns":3.0},{"damage":21.0,"enemies":"Slime Boss","floor":16.0,"turns":11.0},{"damage":17.0,"enemies":"2 Thieves","floor":18.0,"turns":4.0},{"damage":17.0,"enemies":"Shell Parasite","floor":19.0,"turns":7.0},{"damage":35,"enemies":"Gremlin Leader","floor":24,"turns":8},{"damage":18,"enemies":"Chosen and Byrds","floor":25,"turns":3}],"seed_played":"7053877744872421809","potions_obtained":[{"floor":1.0,"key":"CunningPotion"},{"floor":8.0,"key":"LiquidBronze"},{"floor":13.0,"key":"Regen Potion"},{"floor":19.0,"key":"Dexterity Potion"}],"is_trial":false,"path_per_floor":["M","M","?","$","M","E","R","M","T","?","M","R","M","M","R","B",null,"M","M","?","$","?","R","E","M"],"character_chosen":"THE_SILENT","items_purchased":["Transmutation","DuplicationPotion","Cloak And Dagger"],"campfire_rested":3,"item_purchase_floors":[4,4,21],"current_hp_per_floor":[41,40,40,40,39,17,35,35,35,35,33,33,27,27,45,24,51,34,32,32,32,32,50,15,0],"gold":164,"neow_bonus":"TWO_FIFTY_GOLD","is_prod":false,"is_daily":false,"chose_seed":false,"campfire_upgraded":1,"win_rate":0,"timestamp":1694930427,"path_taken":["M","M","?","$","M","E","R","M","T","?","M","R","M","M","R","BOSS","M","M","?","$","?","R","E","M"],"build_version":"2022-12-18","purchased_purges":1,"victory":false,"max_hp_per_floor":[66,66,60,60,60,60,60,60,60,60,60,60,60,60,60,60,60,60,60,60,60,60,60,60,60],"card_choices":[{"not_picked":["Cloak And Dagger","Deadly Poison"],"picked":"Dash","floor":1.0},{"not_picked":["Deflect","Slice"],"picked":"Flying Knee","floor":2.0},{"not_picked":["Predator","Outmaneuver"],"picked":"Eviscerate","floor":5.0},{"not_picked":["Riddle With Holes","Dodge and Roll"],"picked":"PiercingWail","floor":6.0},{"not_picked":["Reflex","Dash"],"picked":"All Out Attack","floor":8.0},{"not_picked":["Bane","Slice","Finisher"],"picked":"SKIP","floor":11.0},{"not_picked":["Slice","Reflex"],"picked":"Prepared","floor":13.0},{"not_picked":["Glass Knife","Blade Dance"],"picked":"Terror","floor":14.0},{"not_picked":["Grand Finale","Phantasmal Killer"],"picked":"Adrenaline","floor":16.0},{"not_picked":["All Out Attack","Underhanded Strike"],"picked":"Blade Dance","floor":18.0},{"not_picked":["Eviscerate+1","Noxious Fumes+1","Slice"],"picked":"SKIP","floor":19.0},{"not_picked":["Eviscerate+1","Slice"],"picked":"Noxious Fumes+1","floor":19.0},{"not_picked":["Sucker Punch","Dodge and Roll"],"picked":"Glass Knife","floor":24}],"player_experience":887315,"relics_obtained":[{"floor":6.0,"key":"Ginger"},{"floor":9.0,"key":"Sundial"},{"floor":24,"key":"The Courier"}],"event_choices":[{"damage_healed":0.0,"max_hp_gain":0.0,"max_hp_loss":6.0,"gold_gain":0.0,"event_name":"Golden Idol","player_choice":"Lose Max HP","floor":3.0,"gold_loss":0.0,"damage_taken":0.0,"relics_obtained":["Golden Idol"]},{"damage_healed":0.0,"max_hp_gain":0.0,"max_hp_loss":0.0,"gold_gain":0.0,"cards_transformed":["Strike_G"],"event_name":"Living Wall","player_choice":"Change","floor":10.0,"gold_loss":0.0,"damage_taken":0.0,"cards_obtained":["Crippling Poison"]},{"damage_healed":0.0,"max_hp_gain":0.0,"max_hp_loss":0.0,"gold_gain":0.0,"event_name":"Back to Basics","player_choice":"Simplicity","floor":20.0,"gold_loss":0.0,"damage_taken":0.0,"cards_upgraded":["Strike_G","Strike_G","Strike_G","Strike_G","Defend_G","Defend_G","Defend_G","Defend_G"]},{"cards_removed":["Transmutation"],"damage_healed":0.0,"max_hp_gain":0.0,"max_hp_loss":0.0,"gold_gain":0.0,"event_name":"Beggar","player_choice":"Gave Gold","floor":22.0,"gold_loss":75.0,"damage_taken":0.0}],"is_beta":false,"boss_relics":[{"not_picked":["Snecko Eye","Velvet Choker"],"picked":"WristBlade"}],"items_purged_floors":[4],"is_endless":false,"potions_floor_spawned":[1,5,8,13,19],"killed_by":"Chosen and Byrds","ascension_level":19}