{"gold_per_floor":[109,109,123,138,156,156,175,193,218,233,233,258,288,58,58,135,135,155,55,73,73],"floor_reached":21,"playtime":1466,"items_purged":["Strike_G","Strike_G"],"score":410,"play_id":"4c208823-8f59-44c6-96ca-39fae9bd5ebe","local_time":"20230924225709","is_ascension_mode":true,"campfire_choices":[{"data":"Predator","floor":6.0,"key":"SMITH"},{"data":"Cloak And Dagger","floor":15.0,"key":"SMITH"}],"neow_cost":"NONE","seed_source_timestamp":0,"circlet_count":0,"master_deck":["AscendersBane","Strike_G","Defend_G","Defend_G","Defend_G+1","Survivor+1","Neutralize","Blur","Underhanded Strike","Predator+1","Escape Plan","After Image+1","Cloak And Dagger+1","Flying Knee","Caltrops","PiercingWail","Corpse Explosion","All Out Attack+1","Tactician+1","Dagger Throw+1","Well Laid Plans"],"special_seed":0,"relics":["Ring of the Snake","War Paint","Orichalcum","MawBank","Medical Kit","Astrolabe"],"potions_floor_usage":[21],"damage_taken":[{"damage":3.0,"enemies":"2 Louse","floor":1.0,"turns":4.0},{"damage":1.0,"enemies":"Jaw Worm","floor":3.0,"turns":7.0},{"damage":7.0,"enemies":"Small Slimes","floor":4.0,"turns":3.0},{"damage":0.0,"enemies":"3 Louse","floor":5.0,"turns":3.0},{"damage":9.0,"enemies":"Large Slime","floor":7.0,"turns":8.0},{"damage":0.0,"enemies":"2 Fungi Beasts","floor":8.0,"turns":6.0},{"damage":2.0,"enemies":"Looter","floor":10.0,"turns":4.0},{"damage":0.0,"enemies":"3 Sentries","floor":12.0,"turns":8.0},{"damage":4.0,"enemies":"3 Louse","floor":13.0,"turns":5.0},{"damage":1.0,"enemies":"Hexaghost","floor":16.0,"turns":12.0},{"damage":6.0,"enemies":"3 Byrds","floor":18.0,"turns":3.0},{"damage":23.0,"enemies":"Chosen","floor":20.0,"turns":5.0},{"damage":34,"enemies":"Snake Plant","floor":21,"turns":5}],"seed_played":"1202526152881381995","potions_obtained":[{"floor":1.0,"key":"SteroidPotion"},{"floor":4.0,"key":"Fire Potion"},{"floor":8.0,"key":"Regen Potion"},{"floor":12.0,"key":"AttackPotion"},{"floor":13.0,"key":"Weak Potion"},{"floor":20,"key":"LiquidMemories"}],"is_trial":false,"path_per_floor":["M","?","M","M","M","R","M","M","T","M","?","E","M","$","R","B",null,"M","$","M","M"],"character_chosen":"THE_SILENT","items_purchased":["Medical Kit"],"campfire_rested":0,"item_purchase_floors":[14],"current_hp_per_floor":[56,38,37,30,30,30,21,21,21,19,19,34,30,30,30,29,57,51,51,28,0],"gold":73,"neow_bonus":"REMOVE_CARD","is_prod":false,"is_daily":false,"chose_seed":false,"campfire_upgraded":2,"win_rate":0,"timestamp":1695621429,"path_taken":["M","?","M","M","M","R","M","M","T","M","?","E","M","$","R","BOSS","M","$","M","M"],"build_version":"2022-12-18","purchased_purges":2,"victory":false,"max_hp_per_floor":[66,66,66,66,66,66,66,66,66,66,66,66,66,66,66,66,66,66,66,66,66],"card_choices":[{"not_picked":["Flechettes","Infinite Blades"],"picked":"Blur","floor":1.0},{"not_picked":["PiercingWail","Backflip"],"picked":"Underhanded Strike","floor":3.0},{"not_picked":["Accuracy","Riddle With Holes"],"picked":"Predator","floor":4.0},{"not_picked":["Choke","Dagger Spray"],"picked":"Escape Plan","floor":5.0},{"not_picked":["Deadly Poison","Poisoned Stab"],"picked":"After Image","floor":7.0},{"not_picked":["Underhanded Strike","Caltrops"],"picked":"Cloak And Dagger","floor":8.0},{"not_picked":["Accuracy","Sucker Punch"],"picked":"Flying Knee","floor":10.0},{"not_picked":["Quick Slash","Accuracy"],"picked":"Caltrops","floor":12.0},{"not_picked":["Corpse Explosion","Sucker Punch"],"picked":"PiercingWail","floor":13.0},{"not_picked":["Wraith Form v2","Phantasmal Killer"],"picked":"Corpse Explosion","floor":16.0},{"not_picked":["Poisoned Stab","Cloak And Dagger+1"],"picked":"Well Laid Plans","floor":18.0},{"not_picked":["Dodge and Roll","Cloak And Dagger","Poisoned Stab"],"picked":"SKIP","floor":20}],"player_experience":902428,"relics_obtained":[{"floor":9.0,"key":"Orichalcum"},{"floor":12.0,"key":"MawBank"}],"event_choices":[{"damage_healed":0.0,"max_hp_gain":0.0,"max_hp_loss":0.0,"gold_gain":0.0,"event_name":"Scrap Ooze","player_choice":"Success","floor":2.0,"gold_loss":0.0,"damage_taken":18.0,"relics_obtained":["War Paint"]},{"damage_healed":0.0,"max_hp_gain":0.0,"max_hp_loss":0.0,"gold_gain":0.0,"event_name":"Living Wall","player_choice":"Grow","floor":11.0,"gold_loss":0.0,"damage_taken":0.0,"cards_upgraded":["After Image"]}],"is_beta":false,"boss_relics":[{"not_picked":["Busted Crown","Runic Pyramid"],"picked":"Astrolabe"}],"items_purged_floors":[14,19],"is_endless":false,"potions_floor_spawned":[1,4,7,8,12,13,20],"killed_by":"Snake Plant","ascension_level":19}