{"gold_per_floor":[218,228,242,79,79,109,109,126,152,152,74,74,94,126,126,199,199,219,144,118,118,129,129,129],"floor_reached":24,"playtime":1896,"items_purged":["Strike_G"],"score":402,"play_id":"0e61b075-e4f6-4088-abfa-817db15e31b4","local_time":"20230924181411","is_ascension_mode":true,"campfire_choices":[{"data":"Terror","floor":7.0,"key":"SMITH"},{"floor":10.0,"key":"REST"},{"data":"Prepared","floor":15.0,"key":"SMITH"},{"floor":23,"key":"REST"}],"neow_cost":"NONE","seed_source_timestamp":0,"circlet_count":0,"master_deck":["AscendersBane","Strike_G+1","Strike_G+1","Strike_G+1","Defend_G+1","Defend_G+1","Defend_G+1","Defend_G+1","Survivor","Neutralize","Slice","Eviscerate","Terror+1","Dash","Prepared+1","Prepared","Footwork","Calculated Gamble","Phantasmal Killer","PiercingWail"],"special_seed":0,"relics":["Ring of the Serpent","Toy Ornithopter","Whetstone","Happy Flower"],"potions_floor_usage":[24],"damage_taken":[{"damage":1.0,"enemies":"Small Slimes","floor":1.0,"turns":5.0},{"damage":4.0,"enemies":"2 Louse","floor":2.0,"turns":3.0},{"damage":1.0,"enemies":"Cultist","floor":3.0,"turns":3.0},{"damage":26.0,"enemies":"Gremlin Nob","floor":6.0,"turns":4.0},{"damage":9.0,"enemies":"Lots of Slimes","floor":8.0,"turns":5.0},{"damage":5.0,"enemies":"3 Louse","floor":13.0,"turns":4.0},{"damage":8.0,"enemies":"Lagavulin","floor":14.0,"turns":6.0},{"damage":34.0,"enemies":"Slime Boss","floor":16.0,"turns":9.0},{"damage":11.0,"enemies":"Shell Parasite","floor":18.0,"turns":3.0},{"damage":5.0,"enemies":"2 Thieves","floor":20.0,"turns":4.0},{"damage":15,"enemies":"Chosen and Byrds","floor":22,"turns":9},{"damage":46,"enemies":"Gremlin Leader","floor":24,"turns":6}],"seed_played":"-2852797447802367907","potions_obtained":[{"floor":3.0,"key":"SteroidPotion"},{"floor":6.0,"key":"SteroidPotion"},{"floor":18.0,"key":"Fire Potion"}],"is_trial":false,"path_per_floor":["M","M","M","$","?","E","R","M","T","R","$","?","M","E","R","B",null,"M","?","M","?","M","R","E"],"character_chosen":"THE_SILENT","items_purchased":["Dash","Footwork"],"campfire_rested":2,"item_purchase_floors":[4,11],"current_hp_per_floor":[58,54,53,53,46,20,20,11,11,30,30,52,47,39,39,10,52,41,41,36,36,21,40,0],"gold":129,"neow_bonus":"HUNDRED_GOLD","is_prod":false,"is_daily":false,"chose_seed":false,"campfire_upgraded":2,"win_rate":0,"timestamp":1695604451,"path_taken":["M","M","M","$","?","E","R","M","T","R","$","?","M","E","R","BOSS","M","?","M","?","M","R","E"],"build_version":"2022-12-18","purchased_purges":1,"victory":false,"max_hp_per_floor":[66,66,66,66,66,66,66,66,66,66,66,66,66,66,66,66,66,66,66,66,66,66,66,66],"card_choices":[{"not_picked":["Choke","Underhanded Strike"],"picked":"Slice","floor":1.0},{"not_picked":["Deflect","PiercingWail"],"picked":"Eviscerate","floor":2.0},{"not_picked":["Dodge and Roll","Masterful Stab"],"picked":"Terror","floor":3.0},{"not_picked":["Bane","Backflip"],"picked":"Prepared","floor":6.0},{"not_picked":["Underhanded Strike","Setup"],"picked":"Prepared","floor":8.0},{"not_picked":["Riddle With Holes","Blade Dance"],"picked":"Calculated Gamble","floor":13.0},{"not_picked":["Bouncing Flask","Prepared","Poisoned Stab"],"picked":"SKIP","floor":14.0},{"not_picked":["Unload","Night Terror"],"picked":"Phantasmal Killer","floor":16.0},{"not_picked":["Dagger Spray","Riddle With Holes","Deadly Poison"],"picked":"SKIP","floor":18.0},{"not_picked":["Caltrops","Noxious Fumes","Slice"],"picked":"SKIP","floor":20.0},{"not_picked":["Expertise","Flechettes+1"],"picked":"PiercingWail","floor":22}],"player_experience":899596,"relics_obtained":[{"floor":6.0,"key":"Toy Ornithopter"},{"floor":9.0,"key":"Whetstone"},{"floor":14.0,"key":"Happy Flower"}],"event_choices":[{"cards_removed":["Defend_G"],"damage_healed":0.0,"max_hp_gain":0.0,"max_hp_loss":0.0,"gold_gain":0.0,"event_name":"Golden Wing","player_choice":"Card Removal","floor":5.0,"gold_loss":0.0,"damage_taken":7.0},{"damage_healed":22.0,"max_hp_gain":0.0,"max_hp_loss":0.0,"gold_gain":0.0,"event_name":"Big Fish","player_choice":"Banana","floor":12.0,"gold_loss":0.0,"damage_taken":0.0},{"cards_removed":["Strike_G"],"damage_healed":0.0,"max_hp_gain":0.0,"max_hp_loss":0.0,"gold_gain":0.0,"event_name":"Beggar","player_choice":"Gave Gold","floor":19.0,"gold_loss":75.0,"damage_taken":0.0},{"damage_healed":0.0,"max_hp_gain":0.0,"max_hp_loss":0.0,"gold_gain":0.0,"event_name":"Back to Basics","player_choice":"Simplicity","floor":21.0,"gold_loss":0.0,"damage_taken":0.0,"cards_upgraded":["Strike_G","Defend_G","Defend_G","Defend_G","Defend_G"]}],"is_beta":false,"boss_relics":[{"not_picked":["SlaversCollar","Ectoplasm"],"picked":"Ring of the Serpent"}],"items_purged_floors":[4],"is_endless":false,"potions_floor_spawned":[3,6,18],"killed_by":"Gremlin Leader","ascension_level":19}