{"gold_per_floor":[117,117,142,157,175,206,206,227,227,39,382,382,398,436,436,529,529,552,552,576,501,516,516,516,549,549,549,549,587,466,19,19,110,110,130,145,164,164,178,178],"floor_reached":40,"playtime":3340,"items_purged":["Writhe"],"score":918,"play_id":"40734e42-a2bc-41cf-b0b6-bcb185909432","local_time":"20231005110534","is_ascension_mode":true,"campfire_choices":[{"data":"Bane","floor":7.0,"key":"SMITH"},{"floor":15.0,"key":"REST"},{"data":"After Image","floor":23.0,"key":"SMITH"},{"floor":27.0,"key":"REST"},{"floor":32.0,"key":"REST"}],"neow_cost":"PERCENT_DAMAGE","seed_source_timestamp":0,"circlet_count":0,"master_deck":["AscendersBane","Survivor","Neutralize","Accuracy","Crippling Poison","Bane+1","Leg Sweep","Blade Dance","Prepared","Well Laid Plans","PiercingWail","After Image+1","Corpse Explosion","Tactician","Flying Knee","Infinite Blades","Tools of the Trade","Escape Plan","Cloak And Dagger+1","Accuracy","Footwork","Backflip","After Image+1","Finesse","Unload","Venomology+1","Heel Hook+1","Dagger Spray+1","PiercingWail","Eviscerate","Expertise+1"],"special_seed":0,"relics":["Ring of the Snake","Golden Idol","Blue Candle","Unceasing Top","PreservedInsect","Old Coin","Tingsha","Pandora\u0027s Box","StoneCalendar","Shovel","HornCleat","Oddly Smooth Stone","Centennial Puzzle","DollysMirror","Astrolabe"],"potions_floor_usage":[40],"damage_taken":[{"damage":2.0,"enemies":"Jaw Worm","floor":1.0,"turns":5.0},{"damage":0.0,"enemies":"2 Louse","floor":3.0,"turns":3.0},{"damage":0.0,"enemies":"Cultist","floor":4.0,"turns":4.0},{"damage":8.0,"enemies":"3 Louse","floor":5.0,"turns":4.0},{"damage":8.0,"enemies":"Gremlin Nob","floor":6.0,"turns":3.0},{"damage":2.0,"enemies":"Large Slime","floor":8.0,"turns":6.0},{"damage":7.0,"enemies":"Lagavulin","floor":11.0,"turns":7.0},{"damage":2.0,"enemies":"Red Slaver","floor":13.0,"turns":2.0},{"damage":6.0,"enemies":"Gremlin Nob","floor":14.0,"turns":3.0},{"damage":19.0,"enemies":"The Guardian","floor":16.0,"turns":17.0},{"damage":11.0,"enemies":"Spheric Guardian","floor":18.0,"turns":3.0},{"damage":0.0,"enemies":"3 Byrds","floor":20.0,"turns":3.0},{"damage":7.0,"enemies":"Shelled Parasite and Fungi","floor":22.0,"turns":6.0},{"damage":0.0,"enemies":"Gremlin Leader","floor":25.0,"turns":5.0},{"damage":27.0,"enemies":"Book of Stabbing","floor":29.0,"turns":6.0},{"damage":12.0,"enemies":"Automaton","floor":33.0,"turns":7.0},{"damage":0.0,"enemies":"3 Shapes","floor":35.0,"turns":5.0},{"damage":2.0,"enemies":"3 Darklings","floor":36.0,"turns":4.0},{"damage":45.0,"enemies":"Transient","floor":37.0,"turns":6.0},{"damage":10.0,"enemies":"Sphere and 2 Shapes","floor":39.0,"turns":7.0},{"damage":37,"enemies":"Reptomancer","floor":40,"turns":3}],"seed_played":"6928474446627368230","potions_obtained":[{"floor":4.0,"key":"Strength Potion"},{"floor":8.0,"key":"Swift Potion"},{"floor":14.0,"key":"Weak Potion"},{"floor":20.0,"key":"SpeedPotion"},{"floor":22.0,"key":"AttackPotion"},{"floor":29.0,"key":"Strength Potion"},{"floor":33.0,"key":"Regen Potion"},{"floor":37.0,"key":"Block Potion"}],"is_trial":false,"path_per_floor":["M","?","M","M","M","E","R","M","T","$","E","?","M","E","R","B",null,"M","?","M","?","M","R","?","E","T","R","?","E","?","$","R","B",null,"M","M","M","?","M","E"],"character_chosen":"THE_SILENT","items_purchased":["PreservedInsect","Prepared","Footwork","Backflip","DollysMirror","Finesse"],"campfire_rested":3,"item_purchase_floors":[10,10,31,31,31,31],"current_hp_per_floor":[42,42,42,42,34,26,26,24,24,24,17,17,15,9,27,8,47,36,36,36,36,29,29,29,29,29,47,47,20,20,20,38,26,52,52,50,5,5,10,0],"gold":178,"neow_bonus":"TRANSFORM_TWO_CARDS","is_prod":false,"is_daily":false,"chose_seed":false,"campfire_upgraded":2,"win_rate":0,"timestamp":1696529134,"path_taken":["M","?","M","M","M","E","R","M","T","$","E","?","M","E","R","BOSS","M","?","?","?","M","R","?","E","T","R","?","E","?","$","R","BOSS","M","M","M","?","M","E"],"build_version":"2022-12-18","purchased_purges":1,"victory":false,"max_hp_per_floor":[66,60,60,60,60,60,60,60,60,60,60,60,60,60,60,60,60,60,60,60,60,60,60,60,60,60,60,60,60,60,60,60,60,60,60,60,60,60,60,60],"card_choices":[{"not_picked":["Slice","Flechettes"],"picked":"Bane","floor":1.0},{"not_picked":["Sucker Punch","Leg Sweep"],"picked":"Endless Agony","floor":3.0},{"not_picked":["Catalyst","Bane"],"picked":"Leg Sweep","floor":4.0},{"not_picked":["Acrobatics","Deflect"],"picked":"Blade Dance","floor":5.0},{"not_picked":["Deflect","Glass Knife","Dash"],"picked":"SKIP","floor":6.0},{"not_picked":["Flying Knee","Accuracy","Deflect"],"picked":"SKIP","floor":8.0},{"not_picked":["Cloak And Dagger","Calculated Gamble"],"picked":"Well Laid Plans","floor":11.0},{"not_picked":["Sucker Punch","Tactician"],"picked":"PiercingWail","floor":13.0},{"not_picked":["Caltrops","Bullet Time"],"picked":"After Image","floor":14.0},{"not_picked":["Die Die Die","Malaise"],"picked":"Corpse Explosion","floor":16.0},{"not_picked":["Quick Slash","Underhanded Strike","Sucker Punch"],"picked":"SKIP","floor":18.0},{"not_picked":["Blade Dance","Leg Sweep"],"picked":"Cloak And Dagger+1","floor":20.0},{"not_picked":["Poisoned Stab","Sucker Punch"],"picked":"Cloak And Dagger","floor":22.0},{"not_picked":["Dodge and Roll+1","Skewer","Dagger Spray"],"picked":"SKIP","floor":25.0},{"not_picked":["Riddle With Holes","Expertise"],"picked":"Accuracy","floor":29.0},{"not_picked":["Bullet Time","Malaise"],"picked":"Unload","floor":33.0},{"not_picked":["Accuracy+1","Sucker Punch"],"picked":"PiercingWail","floor":35.0},{"not_picked":["Quick Slash+1","Cloak And Dagger","Bane"],"picked":"SKIP","floor":36.0},{"not_picked":["Escape Plan","Leg Sweep"],"picked":"Eviscerate","floor":37.0},{"not_picked":["Cloak And Dagger","PiercingWail"],"picked":"Expertise+1","floor":39.0}],"player_experience":914014,"relics_obtained":[{"floor":6.0,"key":"Blue Candle"},{"floor":9.0,"key":"Unceasing Top"},{"floor":11.0,"key":"Old Coin"},{"floor":14.0,"key":"Tingsha"},{"floor":25.0,"key":"StoneCalendar"},{"floor":26.0,"key":"Shovel"},{"floor":29.0,"key":"Oddly Smooth Stone"}],"event_choices":[{"damage_healed":0.0,"max_hp_gain":0.0,"max_hp_loss":6.0,"gold_gain":0.0,"event_name":"Golden Idol","player_choice":"Lose Max HP","floor":2.0,"gold_loss":0.0,"damage_taken":0.0,"relics_obtained":["Golden Idol"]},{"damage_healed":0.0,"max_hp_gain":0.0,"max_hp_loss":0.0,"gold_gain":0.0,"event_name":"Dead Adventurer","player_choice":"Searched \u00270\u0027 times","floor":12.0,"gold_loss":0.0,"damage_taken":0.0},{"damage_healed":0.0,"max_hp_gain":0.0,"max_hp_loss":0.0,"gold_gain":0.0,"event_name":"Dead Adventurer","player_choice":"Searched \u00270\u0027 times","floor":12.0,"gold_loss":0.0,"damage_taken":0.0},{"cards_removed":["Masterful Stab"],"damage_healed":0.0,"max_hp_gain":0.0,"max_hp_loss":0.0,"gold_gain":0.0,"event_name":"Purifier","player_choice":"Purged","floor":19.0,"gold_loss":0.0,"damage_taken":0.0},{"cards_removed":["Eviscerate"],"damage_healed":0.0,"max_hp_gain":0.0,"max_hp_loss":0.0,"gold_gain":0.0,"event_name":"Beggar","player_choice":"Gave Gold","floor":21.0,"gold_loss":75.0,"damage_taken":0.0},{"damage_healed":0.0,"max_hp_gain":0.0,"max_hp_loss":0.0,"gold_gain":0.0,"event_name":"Cursed Tome","player_choice":"Ignored","floor":24.0,"gold_loss":0.0,"damage_taken":0.0},{"damage_healed":0.0,"max_hp_gain":0.0,"max_hp_loss":0.0,"gold_gain":0.0,"event_name":"The Mausoleum","player_choice":"Opened","floor":28.0,"gold_loss":0.0,"damage_taken":0.0,"relics_obtained":["HornCleat"],"cards_obtained":["Writhe"]},{"damage_healed":0.0,"max_hp_gain":0.0,"max_hp_loss":0.0,"gold_gain":0.0,"event_name":"WeMeetAgain","player_choice":"Paid Gold","floor":30.0,"gold_loss":121.0,"damage_taken":0.0,"relics_obtained":["Centennial Puzzle"]},{"damage_healed":0.0,"max_hp_gain":0.0,"max_hp_loss":0.0,"gold_gain":0.0,"event_name":"Tomb of Lord Red Mask","player_choice":"Ignored","floor":38.0,"gold_loss":0.0,"damage_taken":0.0}],"is_beta":false,"boss_relics":[{"not_picked":["Tiny House","Sozu"],"picked":"Pandora\u0027s Box"},{"not_picked":["SacredBark","Ring of the Serpent"],"picked":"Astrolabe"}],"items_purged_floors":[31],"is_endless":false,"potions_floor_spawned":[4,8,14,20,22,29,33,37],"killed_by":"Reptomancer","ascension_level":19}