{"gold_per_floor":[116,116,136,146,71,71,89,154,154,119,119,154,1,14,14,89,89,62,76,76,92,102,102,114,114,138,153,153,185,195,222,222,222],"floor_reached":33,"playtime":2710,"items_purged":["Defend_G","Defend_G"],"score":622,"play_id":"1a00c640-8634-4d42-abb3-a9a4879b4c06","local_time":"20231018133303","is_ascension_mode":true,"campfire_choices":[{"data":"Predator","floor":6.0,"key":"SMITH"},{"data":"Neutralize","floor":11.0,"key":"SMITH"},{"floor":15.0,"key":"REST"},{"floor":23.0,"key":"REST"},{"data":"Venomology","floor":25.0,"key":"SMITH"},{"floor":32,"key":"REST"}],"neow_cost":"PERCENT_DAMAGE","seed_source_timestamp":0,"circlet_count":0,"master_deck":["AscendersBane","Strike_G","Strike_G","Strike_G","Strike_G","Defend_G","Defend_G+1","Survivor","Neutralize+1","Endless Agony","Predator+1","Quick Slash","Cloak And Dagger","Acrobatics","Backflip","Venomology+1","Underhanded Strike","Prepared+1","Decay","Underhanded Strike","PiercingWail+1","Blur","Acrobatics+1","Finisher"],"special_seed":0,"relics":["Ring of the Snake","Pear","Mercury Hourglass","Tingsha","Runic Pyramid","Tiny Chest","FaceOfCleric","Pocketwatch","War Paint"],"potions_floor_usage":[29,29,30,30,33],"damage_taken":[{"damage":6.0,"enemies":"Jaw Worm","floor":1.0,"turns":9.0},{"damage":4.0,"enemies":"Small Slimes","floor":3.0,"turns":3.0},{"damage":0.0,"enemies":"Cultist","floor":4.0,"turns":3.0},{"damage":0.0,"enemies":"2 Fungi Beasts","floor":7.0,"turns":3.0},{"damage":12.0,"enemies":"3 Sentries","floor":8.0,"turns":8.0},{"damage":7.0,"enemies":"3 Sentries","floor":12.0,"turns":6.0},{"damage":4.0,"enemies":"Lots of Slimes","floor":14.0,"turns":3.0},{"damage":0.0,"enemies":"Slime Boss","floor":16.0,"turns":5.0},{"damage":19.0,"enemies":"2 Thieves","floor":18.0,"turns":4.0},{"damage":6.0,"enemies":"Shell Parasite","floor":19.0,"turns":4.0},{"damage":5.0,"enemies":"Snake Plant","floor":21.0,"turns":3.0},{"damage":22.0,"enemies":"Shelled Parasite and Fungi","floor":22.0,"turns":5.0},{"damage":3.0,"enemies":"Chosen and Byrds","floor":24.0,"turns":4.0},{"damage":0.0,"enemies":"Snecko","floor":27.0,"turns":4.0},{"damage":8,"enemies":"Book of Stabbing","floor":29,"turns":5},{"damage":9,"enemies":"Shelled Parasite and Fungi","floor":30,"turns":5},{"damage":50,"enemies":"Automaton","floor":33,"turns":6}],"seed_played":"7053235283295686877","potions_obtained":[{"floor":1.0,"key":"Poison Potion"},{"floor":3.0,"key":"ColorlessPotion"},{"floor":8.0,"key":"LiquidMemories"},{"floor":16.0,"key":"FearPotion"},{"floor":21.0,"key":"SmokeBomb"},{"floor":22.0,"key":"Swift Potion"},{"floor":29,"key":"Weak Potion"}],"is_trial":false,"path_per_floor":["M","?","M","M","$","R","M","?","T","?","R","E","$","M","R","B",null,"M","M","?","M","M","R","M","R","T","M","?","E","M","T","R","B"],"character_chosen":"THE_SILENT","items_purchased":["FearPotion"],"campfire_rested":3,"item_purchase_floors":[13],"current_hp_per_floor":[38,31,27,27,27,27,27,25,25,44,44,37,37,33,55,55,71,52,46,46,41,19,41,38,38,38,38,38,31,23,23,46,0],"gold":222,"neow_bonus":"TRANSFORM_TWO_CARDS","is_prod":false,"is_daily":false,"chose_seed":false,"campfire_upgraded":3,"win_rate":0,"timestamp":1697661183,"path_taken":["M","?","M","M","$","R","M","?","T","?","R","E","?","M","R","BOSS","M","M","?","M","M","R","M","R","T","M","?","E","?","?","R","BOSS"],"build_version":"2022-12-18","purchased_purges":2,"victory":false,"max_hp_per_floor":[66,66,66,66,66,66,66,76,76,76,76,76,76,76,76,76,76,76,76,76,76,76,76,76,76,76,76,76,77,78,78,78,78],"card_choices":[{"not_picked":["Distraction","Underhanded Strike"],"picked":"Predator","floor":1.0},{"not_picked":["Outmaneuver","Heel Hook"],"picked":"Quick Slash","floor":3.0},{"not_picked":["Endless Agony","Flechettes"],"picked":"Cloak And Dagger","floor":4.0},{"not_picked":["Skewer","Poisoned Stab"],"picked":"Acrobatics","floor":7.0},{"not_picked":["Distraction","Poisoned Stab"],"picked":"Backflip","floor":12.0},{"not_picked":["Sucker Punch","Backflip","PiercingWail"],"picked":"SKIP","floor":14.0},{"not_picked":["Tools of the Trade","Corpse Explosion"],"picked":"Venomology","floor":16.0},{"not_picked":["Sucker Punch","Backflip+1"],"picked":"Underhanded Strike","floor":18.0},{"not_picked":["Backflip","Poisoned Stab"],"picked":"Prepared+1","floor":19.0},{"not_picked":["Riddle With Holes","Predator"],"picked":"Underhanded Strike","floor":21.0},{"not_picked":["Accuracy","Heel Hook"],"picked":"PiercingWail","floor":22.0},{"not_picked":["PiercingWail","Endless Agony"],"picked":"Blur","floor":24.0},{"not_picked":["Finisher","Reflex+1"],"picked":"Acrobatics+1","floor":27.0},{"not_picked":["Endless Agony","Dagger Spray","Well Laid Plans"],"picked":"SKIP","floor":29},{"not_picked":["Slice","Glass Knife"],"picked":"Finisher","floor":30}],"player_experience":932900,"relics_obtained":[{"floor":8.0,"key":"Pear"},{"floor":9.0,"key":"Mercury Hourglass"},{"floor":12.0,"key":"Tingsha"},{"floor":26.0,"key":"Tiny Chest"},{"floor":29,"key":"Pocketwatch"},{"floor":31,"key":"War Paint"}],"event_choices":[{"cards_removed":["Concentrate"],"damage_healed":0.0,"max_hp_gain":0.0,"max_hp_loss":0.0,"gold_gain":0.0,"event_name":"Golden Wing","player_choice":"Card Removal","floor":2.0,"gold_loss":0.0,"damage_taken":7.0},{"damage_healed":0.0,"max_hp_gain":0.0,"max_hp_loss":0.0,"gold_gain":30.0,"event_name":"Dead Adventurer","player_choice":"Searched \u00273\u0027 times","floor":8.0,"gold_loss":0.0,"damage_taken":0.0},{"damage_healed":19.0,"max_hp_gain":0.0,"max_hp_loss":0.0,"gold_gain":0.0,"event_name":"The Cleric","player_choice":"Healed","floor":10.0,"gold_loss":35.0,"damage_taken":0.0},{"damage_healed":0.0,"max_hp_gain":0.0,"max_hp_loss":0.0,"gold_gain":0.0,"event_name":"Forgotten Altar","player_choice":"Smashed Altar","floor":20.0,"gold_loss":0.0,"damage_taken":0.0,"cards_obtained":["Decay"]},{"damage_healed":0.0,"max_hp_gain":0.0,"max_hp_loss":0.0,"gold_gain":0.0,"event_name":"FaceTrader","player_choice":"Trade","floor":28.0,"gold_loss":0.0,"damage_taken":0.0,"relics_obtained":["FaceOfCleric"]}],"is_beta":false,"boss_relics":[{"not_picked":["Sozu","Black Star"],"picked":"Runic Pyramid"}],"items_purged_floors":[5,13],"is_endless":false,"potions_floor_spawned":[1,3,8,16,21,22,24,29],"killed_by":"Automaton","ascension_level":19}