{"gold_per_floor":[12,25,25,45,56,84,84,97,97,124,124],"floor_reached":11,"playtime":630,"items_purged":[],"score":166,"play_id":"c6e33f83-80a7-470c-9e94-32f1c059c54b","local_time":"20231018222058","is_ascension_mode":true,"campfire_choices":[{"floor":7.0,"key":"REST"}],"neow_cost":"NO_GOLD","seed_source_timestamp":635733473538700,"circlet_count":0,"master_deck":["AscendersBane","Strike_G","Strike_G","Strike_G","Strike_G","Strike_G","Defend_G","Defend_G","Defend_G","Defend_G","Defend_G","Survivor","Neutralize","Apotheosis","Backflip","Blade Dance","Skewer","Dash","Terror","Outmaneuver"],"special_seed":0,"relics":["Ring of the Snake","Blue Candle","Question Card","Turnip","StoneCalendar"],"potions_floor_usage":[10,10,11],"damage_taken":[{"damage":0.0,"enemies":"Small Slimes","floor":1.0,"turns":3.0},{"damage":0.0,"enemies":"Cultist","floor":2.0,"turns":4.0},{"damage":0.0,"enemies":"2 Louse","floor":4.0,"turns":3.0},{"damage":23.0,"enemies":"Lots of Slimes","floor":5.0,"turns":7.0},{"damage":17.0,"enemies":"3 Sentries","floor":6.0,"turns":9.0},{"damage":0.0,"enemies":"Looter","floor":8.0,"turns":4.0},{"damage":40,"enemies":"Gremlin Nob","floor":10,"turns":5},{"damage":12,"enemies":"3 Louse","floor":11,"turns":1}],"seed_played":"8919501394010599402","potions_obtained":[{"floor":4.0,"key":"PowerPotion"},{"floor":6.0,"key":"Fruit Juice"},{"floor":10,"key":"Regen Potion"}],"is_trial":false,"path_per_floor":["M","M","?","M","M","E","R","M","T","E","M"],"character_chosen":"THE_SILENT","items_purchased":[],"campfire_rested":1,"item_purchase_floors":[],"current_hp_per_floor":[59,59,59,59,36,19,38,38,38,3,0],"gold":124,"neow_bonus":"RANDOM_COLORLESS_2","is_prod":false,"is_daily":false,"chose_seed":false,"campfire_upgraded":0,"win_rate":0,"timestamp":1697692858,"path_taken":["M","M","?","M","?","E","R","M","T","E","M"],"build_version":"2022-12-18","purchased_purges":0,"victory":false,"max_hp_per_floor":[66,66,66,66,66,66,66,66,66,71,71],"card_choices":[{"not_picked":["Mayhem","Secret Weapon"],"picked":"Apotheosis","floor":0.0},{"not_picked":["Finisher","Sucker Punch"],"picked":"Underhanded Strike","floor":1.0},{"not_picked":["Accuracy","Slice"],"picked":"Backflip","floor":2.0},{"not_picked":["Backflip","Riddle With Holes"],"picked":"Blade Dance","floor":4.0},{"not_picked":["Deflect","Sucker Punch"],"picked":"Skewer","floor":5.0},{"not_picked":["Quick Slash","Concentrate"],"picked":"Dash","floor":6.0},{"not_picked":["PiercingWail","Leg Sweep","Dagger Throw"],"picked":"Terror","floor":8.0},{"not_picked":["Heel Hook","Bane","Setup"],"picked":"Outmaneuver","floor":10}],"player_experience":935610,"relics_obtained":[{"floor":6.0,"key":"Question Card"},{"floor":9.0,"key":"Turnip"},{"floor":10,"key":"StoneCalendar"}],"event_choices":[{"cards_removed":["Underhanded Strike"],"damage_healed":0.0,"max_hp_gain":0.0,"max_hp_loss":0.0,"gold_gain":0.0,"event_name":"WeMeetAgain","player_choice":"Gave Card","floor":3.0,"gold_loss":0.0,"damage_taken":0.0,"relics_obtained":["Blue Candle"]}],"is_beta":false,"boss_relics":[],"items_purged_floors":[],"is_endless":false,"potions_floor_spawned":[4,6,10],"killed_by":"3 Louse","ascension_level":19}