{"gold_per_floor":[115,40,60,60,80,113,113,129,129,152,165,165,165,181,181,279,279,298,322,30,30],"floor_reached":21,"playtime":2188,"items_purged":["Strike_G","Skewer"],"score":357,"play_id":"1c81ad6d-5daf-40a2-a2ea-3a5b0ef36daf","local_time":"20231027214148","is_ascension_mode":true,"campfire_choices":[{"data":"Concentrate","floor":12.0,"key":"SMITH"},{"data":"Eviscerate","floor":15.0,"key":"SMITH"}],"neow_cost":"NONE","seed_source_timestamp":0,"circlet_count":0,"master_deck":["AscendersBane","Survivor","Neutralize","Eviscerate+1","Deadly Poison","Tools of the Trade","Acrobatics","Concentrate+1","Slice","Finisher","Storm of Steel","Night Terror","Poisoned Stab","Venomology","Heel Hook","Tactician","Predator","Underhanded Strike","Dagger Spray","Acrobatics","PiercingWail+1","Cloak And Dagger"],"special_seed":0,"relics":["Ring of the Snake","NeowsBlessing","Turnip","Golden Idol","Unceasing Top","Pandora\u0027s Box","Frozen Eye"],"potions_floor_usage":[16,16,19],"damage_taken":[{"damage":0.0,"enemies":"2 Louse","floor":1.0,"turns":1.0},{"damage":0.0,"enemies":"Cultist","floor":3.0,"turns":1.0},{"damage":0.0,"enemies":"Jaw Worm","floor":5.0,"turns":1.0},{"damage":24.0,"enemies":"3 Sentries","floor":6.0,"turns":10.0},{"damage":5.0,"enemies":"2 Fungi Beasts","floor":8.0,"turns":4.0},{"damage":1.0,"enemies":"Exordium Wildlife","floor":10.0,"turns":5.0},{"damage":4.0,"enemies":"Blue Slaver","floor":11.0,"turns":4.0},{"damage":8.0,"enemies":"3 Louse","floor":14.0,"turns":4.0},{"damage":13,"enemies":"Hexaghost","floor":16,"turns":9},{"damage":13,"enemies":"3 Byrds","floor":18,"turns":4},{"damage":22,"enemies":"2 Thieves","floor":19,"turns":3},{"damage":12,"enemies":"Centurion and Healer","floor":21,"turns":2}],"seed_played":"1326754168917569282","potions_obtained":[{"floor":1.0,"key":"PowerPotion"},{"floor":5.0,"key":"Dexterity Potion"},{"floor":6.0,"key":"Swift Potion"},{"floor":14.0,"key":"SmokeBomb"}],"is_trial":false,"path_per_floor":["M","$","M","?","M","E","?","M","T","M","M","R","?","M","R","B",null,"M","M","$","M"],"character_chosen":"THE_SILENT","basemod:card_modifiers":[null,null,null,null,null,null,null,null,null,null,null,null,null,null,null,null,null,null,null,null,null,null],"items_purchased":["Cloak And Dagger","Frozen Eye"],"campfire_rested":0,"item_purchase_floors":[20,20],"current_hp_per_floor":[59,59,59,59,59,35,35,30,30,29,25,25,25,17,17,4,46,33,11,11,0],"gold":30,"neow_bonus":"THREE_ENEMY_KILL","is_prod":false,"is_daily":false,"chose_seed":false,"campfire_upgraded":2,"win_rate":0,"timestamp":1698468108,"path_taken":["M","$","M","?","?","E","?","M","T","M","M","R","?","M","R","BOSS","M","M","$","M"],"build_version":"2022-12-18","purchased_purges":2,"victory":false,"max_hp_per_floor":[66,66,66,66,66,66,60,60,60,60,60,60,60,60,60,60,60,60,60,60,60],"card_choices":[{"not_picked":["Quick Slash","PiercingWail"],"picked":"Eviscerate","floor":1.0},{"not_picked":["Underhanded Strike","Heel Hook"],"picked":"Deadly Poison","floor":3.0},{"not_picked":["Deflect","PiercingWail"],"picked":"Acrobatics","floor":5.0},{"not_picked":["Bane","Deflect"],"picked":"Concentrate","floor":6.0},{"not_picked":["Dodge and Roll","Deflect","Concentrate"],"picked":"SKIP","floor":8.0},{"not_picked":["Sucker Punch","Quick Slash"],"picked":"Slice","floor":10.0},{"not_picked":["Slice","Flying Knee"],"picked":"Finisher","floor":11.0},{"not_picked":["Distraction","Bouncing Flask","Deadly Poison"],"picked":"SKIP","floor":14.0},{"not_picked":["Doppelganger","Grand Finale"],"picked":"Storm of Steel","floor":16},{"not_picked":["Flying Knee","Underhanded Strike"],"picked":"Acrobatics","floor":18},{"not_picked":["Calculated Gamble","Underhanded Strike"],"picked":"PiercingWail+1","floor":19}],"player_experience":936240,"relics_obtained":[{"floor":6.0,"key":"Turnip"},{"floor":9.0,"key":"Unceasing Top"}],"event_choices":[{"damage_healed":0.0,"max_hp_gain":0.0,"max_hp_loss":0.0,"gold_gain":0.0,"event_name":"Match and Keep!","player_choice":"1 cards matched","floor":4.0,"gold_loss":0.0,"damage_taken":0.0,"cards_obtained":["Tools of the Trade"]},{"damage_healed":0.0,"max_hp_gain":0.0,"max_hp_loss":6.0,"gold_gain":0.0,"event_name":"Golden Idol","player_choice":"Lose Max HP","floor":7.0,"gold_loss":0.0,"damage_taken":0.0,"relics_obtained":["Golden Idol"]},{"damage_healed":0.0,"max_hp_gain":0.0,"max_hp_loss":0.0,"gold_gain":0.0,"event_name":"Liars Game","player_choice":"Ignored","floor":13.0,"gold_loss":0.0,"damage_taken":0.0}],"is_beta":false,"boss_relics":[{"not_picked":["Busted Crown","Ring of the Serpent"],"picked":"Pandora\u0027s Box"}],"items_purged_floors":[2,20],"is_endless":false,"potions_floor_spawned":[1,5,6,14],"killed_by":"Centurion and Healer","ascension_level":19}