{"gold_per_floor":[117,127,127,146,162,162,175,175,175,202,44,55,55,82,82,160,160,173,184,184,197,208,208,241,111,137,167,183,183,194,214,214,288,288,307,320,62,73,84,84,0,29,101,155,155,180,2,13,13,13],"floor_reached":51,"playtime":6370,"items_purged":["Choke+1","Defend_G","Strike_G"],"score":1484,"play_id":"7dd71d22-3e8c-4ec7-ac83-47437fdf3172","local_time":"20231106200608","is_ascension_mode":true,"campfire_choices":[{"data":"Eviscerate","floor":6.0,"key":"SMITH"},{"data":"Prepared","floor":8.0,"key":"SMITH"},{"floor":15.0,"key":"REST"},{"data":"After Image","floor":23.0,"key":"SMITH"},{"data":"Prepared","floor":29,"key":"SMITH"},{"floor":32,"key":"REST"},{"data":"Enlightenment","floor":40,"key":"SMITH"},{"data":"Burst","floor":45,"key":"SMITH"},{"data":"Dagger Spray","floor":49,"key":"PURGE"}],"neow_cost":"PERCENT_DAMAGE","seed_source_timestamp":80444926476500,"circlet_count":0,"master_deck":["AscendersBane","Defend_G","Defend_G","Survivor","Neutralize","Leg Sweep","Eviscerate+1","Dagger Throw","Prepared+1","Blade Dance","Noxious Fumes","Escape Plan","After Image+1","Malaise+1","Underhanded Strike+1","Prepared+1","Acrobatics+1","Calculated Gamble+1","Footwork+1","Backflip","Burst+1","PiercingWail+1","Enlightenment+1","Acrobatics","Bouncing Flask+1","Escape Plan"],"special_seed":0,"relics":["Ring of the Snake","Centennial Puzzle","Anchor","Eternal Feather","Medical Kit","StrikeDummy","Astrolabe","Boot","Pen Nib","Singing Bowl","Runic Pyramid","Red Mask","Regal Pillow","InkBottle","Peace Pipe","Art of War"],"potions_floor_usage":[24,33,50],"damage_taken":[{"damage":2.0,"enemies":"2 Louse","floor":1.0,"turns":3.0},{"damage":2.0,"enemies":"Small Slimes","floor":2.0,"turns":6.0},{"damage":0.0,"enemies":"Cultist","floor":4.0,"turns":4.0},{"damage":11.0,"enemies":"Large Slime","floor":5.0,"turns":9.0},{"damage":0.0,"enemies":"2 Fungi Beasts","floor":7.0,"turns":3.0},{"damage":6.0,"enemies":"Lagavulin","floor":10.0,"turns":6.0},{"damage":0.0,"enemies":"Red Slaver","floor":12.0,"turns":3.0},{"damage":6.0,"enemies":"Gremlin Nob","floor":14.0,"turns":3.0},{"damage":28.0,"enemies":"Slime Boss","floor":16.0,"turns":8.0},{"damage":0.0,"enemies":"Shell Parasite","floor":18.0,"turns":5.0},{"damage":11.0,"enemies":"2 Thieves","floor":19.0,"turns":4.0},{"damage":1.0,"enemies":"Snake Plant","floor":21.0,"turns":4.0},{"damage":13.0,"enemies":"Sentry and Sphere","floor":22.0,"turns":8.0},{"damage":7,"enemies":"Book of Stabbing","floor":24,"turns":7},{"damage":7,"enemies":"Slavers","floor":27,"turns":6},{"damage":13,"enemies":"Snecko","floor":28,"turns":6},{"damage":4,"enemies":"Centurion and Healer","floor":30,"turns":5},{"damage":19,"enemies":"Cultist and Chosen","floor":31,"turns":6},{"damage":56,"enemies":"Champ","floor":33,"turns":15},{"damage":0,"enemies":"Orb Walker","floor":35,"turns":4},{"damage":10,"enemies":"3 Shapes","floor":36,"turns":7},{"damage":6,"enemies":"Jaw Worm Horde","floor":38,"turns":4},{"damage":1,"enemies":"Spire Growth","floor":39,"turns":6},{"damage":11,"enemies":"Reptomancer","floor":42,"turns":8},{"damage":5,"enemies":"2 Orb Walkers","floor":44,"turns":6},{"damage":0,"enemies":"Giant Head","floor":46,"turns":6},{"damage":0,"enemies":"Transient","floor":48,"turns":6},{"damage":29,"enemies":"Awakened One","floor":50,"turns":13}],"seed_played":"-6577536427847083889","potions_obtained":[{"floor":2.0,"key":"Block Potion"},{"floor":10.0,"key":"CunningPotion"},{"floor":12.0,"key":"AttackPotion"},{"floor":19.0,"key":"FairyPotion"},{"floor":20.0,"key":"SteroidPotion"},{"floor":31,"key":"Poison Potion"},{"floor":33,"key":"Poison Potion"},{"floor":42,"key":"DistilledChaos"},{"floor":44,"key":"Energy Potion"}],"is_trial":false,"path_per_floor":["M","M","?","M","M","R","M","R","T","E","$","M","?","E","R","B",null,"M","M","?","M","M","R","E","$","T","E","M","R","M","M","R","B",null,"M","M","$","M","M","R","?","E","T","?","R","E","$","M","R","B",null],"character_chosen":"THE_SILENT","items_purchased":["Medical Kit","Backflip","Enlightenment","Acrobatics","Dexterity Potion"],"campfire_rested":2,"item_purchase_floors":[11,25,37,37,47],"current_hp_per_floor":[42,40,35,35,24,24,24,24,24,18,18,18,18,12,40,12,53,53,42,42,41,28,40,33,33,33,28,17,29,27,10,44,21,61,63,53,53,49,48,63,63,54,54,51,66,66,66,68,83,54],"gold":13,"neow_bonus":"REMOVE_TWO","is_prod":false,"is_daily":false,"chose_seed":false,"campfire_upgraded":6,"win_rate":0,"timestamp":1699329968,"path_taken":["M","M","?","M","M","R","M","R","T","E","$","M","?","E","R","BOSS","M","M","?","M","M","R","E","$","T","E","M","R","M","M","R","BOSS","M","M","$","M","M","R","?","E","T","?","R","E","$","M","R","BOSS"],"build_version":"2022-12-18","purchased_purges":3,"victory":true,"max_hp_per_floor":[66,66,66,66,66,66,66,66,66,66,66,66,66,66,66,66,66,66,66,66,66,66,66,66,66,66,68,70,70,72,74,74,74,74,76,76,76,78,78,78,78,80,80,82,82,82,82,84,84,84],"card_choices":[{"not_picked":["Dagger Throw","Cloak And Dagger"],"picked":"Leg Sweep","floor":1.0},{"not_picked":["Cloak And Dagger","Dodge and Roll"],"picked":"Dagger Spray","floor":2.0},{"not_picked":["Caltrops","Concentrate"],"picked":"Eviscerate","floor":4.0},{"not_picked":["Dodge and Roll","Prepared"],"picked":"Dagger Throw","floor":5.0},{"not_picked":["Dodge and Roll","Dagger Throw"],"picked":"Prepared","floor":7.0},{"not_picked":["Dodge and Roll","Unload"],"picked":"Blade Dance","floor":10.0},{"not_picked":["Dodge and Roll","Dagger Throw"],"picked":"Noxious Fumes","floor":12.0},{"not_picked":["Blade Dance","Deadly Poison","Bane"],"picked":"SKIP","floor":14.0},{"not_picked":["Venomology","Bullet Time"],"picked":"After Image","floor":16.0},{"not_picked":["Dagger Spray","Deadly Poison+1"],"picked":"Prepared","floor":18.0},{"not_picked":["Dodge and Roll","Poisoned Stab"],"picked":"Acrobatics+1","floor":19.0},{"not_picked":["Leg Sweep","Footwork"],"picked":"Calculated Gamble+1","floor":21.0},{"not_picked":["Flying Knee+1","Eviscerate","Blade Dance"],"picked":"SKIP","floor":22.0},{"not_picked":["Outmaneuver+1","Bane"],"picked":"Footwork+1","floor":24},{"not_picked":["Cloak And Dagger","Deadly Poison","Sucker Punch"],"picked":"Singing Bowl","floor":27},{"not_picked":["Deflect","Blade Dance","Bouncing Flask"],"picked":"Singing Bowl","floor":28},{"not_picked":["Backflip","Bouncing Flask","Expertise"],"picked":"Singing Bowl","floor":30},{"not_picked":["Sucker Punch","Deadly Poison","Backflip+1"],"picked":"Singing Bowl","floor":31},{"not_picked":["A Thousand Cuts","Glass Knife"],"picked":"Burst","floor":33},{"not_picked":["Dash","All Out Attack","Bane"],"picked":"Singing Bowl","floor":35},{"not_picked":["Sucker Punch","Deadly Poison"],"picked":"PiercingWail+1","floor":36},{"not_picked":["Distraction","All Out Attack+1","Heel Hook"],"picked":"Singing Bowl","floor":38},{"not_picked":["Poisoned Stab+1","Cloak And Dagger+1"],"picked":"Bouncing Flask+1","floor":39},{"not_picked":["Dash","Dagger Throw","Doppelganger"],"picked":"Singing Bowl","floor":42},{"not_picked":["Backstab","All Out Attack+1","Prepared"],"picked":"Singing Bowl","floor":44},{"not_picked":["Cloak And Dagger","Backstab"],"picked":"Escape Plan","floor":46},{"not_picked":["Flying Knee+1","Masterful Stab","Bane"],"picked":"Singing Bowl","floor":48}],"player_experience":940281,"relics_obtained":[{"floor":9.0,"key":"Anchor"},{"floor":10.0,"key":"Eternal Feather"},{"floor":14.0,"key":"StrikeDummy"},{"floor":24,"key":"Boot"},{"floor":26,"key":"Pen Nib"},{"floor":27,"key":"Singing Bowl"},{"floor":42,"key":"Regal Pillow"},{"floor":43,"key":"InkBottle"},{"floor":44,"key":"Peace Pipe"},{"floor":46,"key":"Art of War"}],"event_choices":[{"damage_healed":0.0,"max_hp_gain":0.0,"max_hp_loss":0.0,"gold_gain":0.0,"event_name":"Scrap Ooze","player_choice":"Success","floor":3.0,"gold_loss":0.0,"damage_taken":5.0,"relics_obtained":["Centennial Puzzle"]},{"damage_healed":0.0,"max_hp_gain":0.0,"max_hp_loss":0.0,"gold_gain":0.0,"cards_transformed":["Strike_G"],"event_name":"Living Wall","player_choice":"Change","floor":13.0,"gold_loss":0.0,"damage_taken":0.0,"cards_obtained":["Escape Plan"]},{"damage_healed":0.0,"max_hp_gain":0.0,"max_hp_loss":0.0,"gold_gain":0.0,"event_name":"Lab","player_choice":"Got Potions","floor":20.0,"gold_loss":0.0,"damage_taken":0.0},{"damage_healed":0,"gold_gain":0,"player_choice":"Paid","damage_taken":0,"relics_obtained":["Red Mask"],"max_hp_gain":0,"max_hp_loss":0,"event_name":"Tomb of Lord Red Mask","floor":41,"gold_loss":84},{"damage_healed":0,"gold_gain":0,"player_choice":"Fight","damage_taken":0,"max_hp_gain":0,"max_hp_loss":0,"event_name":"Mysterious Sphere","floor":44,"gold_loss":0}],"is_beta":false,"boss_relics":[{"not_picked":["Snecko Eye","Empty Cage"],"picked":"Astrolabe"},{"not_picked":["Fusion Hammer","Busted Crown"],"picked":"Runic Pyramid"}],"items_purged_floors":[25,37,47],"is_endless":false,"potions_floor_spawned":[2,10,12,19,21,31,33,42,44,46],"ascension_level":19}