{"gold_per_floor":[116,135,153,153,165,165,315,315,315,326,37,66,80,80,80,80],"floor_reached":16,"playtime":622,"items_purged":[],"score":204,"play_id":"86ef483e-5a4b-4d26-be80-26de42a5bbac","local_time":"20231121182505","is_ascension_mode":true,"campfire_choices":[{"data":"Calculated Gamble","floor":6.0,"key":"SMITH"},{"data":"Blade Dance","floor":8.0,"key":"SMITH"},{"data":"Footwork","floor":15,"key":"SMITH"}],"neow_cost":"NONE","seed_source_timestamp":93653668439200,"circlet_count":0,"master_deck":["AscendersBane","Strike_G","Strike_G","Strike_G","Strike_G","Defend_G","Defend_G","Defend_G","Defend_G","Survivor","Neutralize","All Out Attack","Calculated Gamble+1","Dagger Throw","Blade Dance+1","Doubt","Finisher","Footwork+1","Reflex","Eviscerate","Calculated Gamble"],"special_seed":0,"relics":["Ring of the Snake","Calipers","OrangePellets","The Specimen"],"potions_floor_usage":[],"damage_taken":[{"damage":13.0,"enemies":"Jaw Worm","floor":1.0,"turns":8.0},{"damage":0.0,"enemies":"2 Louse","floor":2.0,"turns":3.0},{"damage":0.0,"enemies":"Small Slimes","floor":3.0,"turns":3.0},{"damage":0.0,"enemies":"Red Slaver","floor":5.0,"turns":3.0},{"damage":0.0,"enemies":"2 Fungi Beasts","floor":10.0,"turns":2.0},{"damage":25.0,"enemies":"Gremlin Nob","floor":12.0,"turns":4.0},{"damage":9,"enemies":"Large Slime","floor":13,"turns":4},{"damage":28,"enemies":"The Guardian","floor":16,"turns":8}],"seed_played":"-5257385738954729409","potions_obtained":[{"floor":1.0,"key":"ColorlessPotion"},{"floor":3.0,"key":"SmokeBomb"}],"is_trial":false,"path_per_floor":["M","M","M","?","M","R","?","R","T","M","$","E","M","?","R","B"],"character_chosen":"THE_SILENT","items_purchased":["OrangePellets","Footwork","Reflex"],"campfire_rested":0,"item_purchase_floors":[11,11,11],"current_hp_per_floor":[46,46,46,39,39,39,39,39,39,39,39,14,5,27,27,0],"gold":80,"neow_bonus":"REMOVE_CARD","is_prod":false,"is_daily":false,"chose_seed":false,"campfire_upgraded":3,"win_rate":0,"timestamp":1700619905,"path_taken":["M","M","M","?","M","R","?","R","T","M","$","E","M","?","R","BOSS"],"build_version":"2022-12-18","purchased_purges":0,"victory":false,"max_hp_per_floor":[66,66,66,66,66,66,66,66,66,66,66,66,66,66,66,66],"card_choices":[{"not_picked":["Dagger Throw","Cloak And Dagger"],"picked":"All Out Attack","floor":1.0},{"not_picked":["Dagger Spray","Deflect"],"picked":"Calculated Gamble","floor":2.0},{"not_picked":["Prepared","Deflect"],"picked":"Dagger Throw","floor":3.0},{"not_picked":["Outmaneuver","Skewer"],"picked":"Blade Dance","floor":5.0},{"not_picked":["Slice","Sucker Punch"],"picked":"Finisher","floor":10.0},{"not_picked":["Acrobatics","Underhanded Strike"],"picked":"Eviscerate","floor":12.0},{"not_picked":["Masterful Stab","Underhanded Strike"],"picked":"Calculated Gamble","floor":13}],"player_experience":964114,"relics_obtained":[{"floor":9.0,"key":"Calipers"},{"floor":12.0,"key":"The Specimen"}],"event_choices":[{"cards_removed":["Strike_G"],"damage_healed":0.0,"max_hp_gain":0.0,"max_hp_loss":0.0,"gold_gain":0.0,"event_name":"Golden Wing","player_choice":"Card Removal","floor":4.0,"gold_loss":0.0,"damage_taken":7.0},{"damage_healed":0.0,"max_hp_gain":0.0,"max_hp_loss":0.0,"gold_gain":150.0,"event_name":"Liars Game","player_choice":"AGREE","floor":7.0,"gold_loss":0.0,"damage_taken":0.0,"cards_obtained":["Doubt"]},{"damage_healed":22,"gold_gain":0,"player_choice":"Banana","damage_taken":0,"max_hp_gain":0,"max_hp_loss":0,"event_name":"Big Fish","floor":14,"gold_loss":0}],"is_beta":false,"boss_relics":[],"items_purged_floors":[],"is_endless":false,"potions_floor_spawned":[1,3],"killed_by":"The Guardian","ascension_level":20}