{"gold_per_floor":[116,133,148,164,164,198,215,215,292,305,305,325,35,69,69,143,143,153,173,173,191,240,240,253,271,271,271,37,51,101,101,101,175,175,175],"floor_reached":35,"playtime":2527,"items_purged":["Defend_G"],"score":792,"play_id":"89b9bd2f-1714-4e8d-8c36-ce9b36b20ad4","local_time":"20231127195717","is_ascension_mode":true,"campfire_choices":[{"data":"Skewer","floor":8.0,"key":"SMITH"},{"floor":11.0,"key":"REST"},{"data":"Acrobatics","floor":15.0,"key":"SMITH"},{"data":"Prepared","floor":23.0,"key":"SMITH"},{"data":"Calculated Gamble","floor":27.0,"key":"SMITH"},{"data":"Accuracy","floor":32.0,"key":"SMITH"}],"neow_cost":"TEN_PERCENT_HP_LOSS","seed_source_timestamp":0,"circlet_count":0,"master_deck":["AscendersBane","Strike_G","Strike_G","Strike_G","Defend_G","Defend_G","Survivor","Neutralize","Flying Knee","Unload","Prepared+1","Dash","Quick Slash","Dodge and Roll","Skewer+1","Blur","Acrobatics+1","Infinite Blades","Dagger Throw","Outmaneuver","Reflex+1","Calculated Gamble+1","Storm of Steel","Accuracy+1","After Image","A Thousand Cuts"],"special_seed":0,"relics":["Ring of the Snake","Bottled Lightning","Kunai","Toy Ornithopter","Tough Bandages","Coffee Dripper","Art of War","Eternal Feather","Empty Cage"],"potions_floor_usage":[],"damage_taken":[{"damage":5.0,"enemies":"Small Slimes","floor":1.0,"turns":4.0},{"damage":0.0,"enemies":"Cultist","floor":2.0,"turns":3.0},{"damage":0.0,"enemies":"2 Louse","floor":3.0,"turns":2.0},{"damage":1.0,"enemies":"Looter","floor":4.0,"turns":3.0},{"damage":32.0,"enemies":"3 Sentries","floor":6.0,"turns":10.0},{"damage":0.0,"enemies":"Gremlin Gang","floor":7.0,"turns":4.0},{"damage":0.0,"enemies":"2 Fungi Beasts","floor":10.0,"turns":3.0},{"damage":0.0,"enemies":"Large Slime","floor":12.0,"turns":5.0},{"damage":0.0,"enemies":"Lagavulin","floor":14.0,"turns":6.0},{"damage":32.0,"enemies":"Slime Boss","floor":16.0,"turns":11.0},{"damage":6.0,"enemies":"Shell Parasite","floor":18.0,"turns":7.0},{"damage":15.0,"enemies":"Spheric Guardian","floor":19.0,"turns":5.0},{"damage":21.0,"enemies":"Centurion and Healer","floor":21.0,"turns":6.0},{"damage":9.0,"enemies":"Sentry and Sphere","floor":24.0,"turns":6.0},{"damage":9.0,"enemies":"Snecko","floor":25.0,"turns":8.0},{"damage":0.0,"enemies":"3 Cultists","floor":29.0,"turns":5.0},{"damage":23.0,"enemies":"Collector","floor":33.0,"turns":13.0},{"damage":51,"enemies":"3 Darklings","floor":35,"turns":2}],"seed_played":"2819270988269659654","potions_obtained":[{"floor":2.0,"key":"SpeedPotion"},{"floor":7.0,"key":"Block Potion"},{"floor":10.0,"key":"PowerPotion"},{"floor":16.0,"key":"AttackPotion"},{"floor":21.0,"key":"Weak Potion"},{"floor":29.0,"key":"DuplicationPotion"}],"is_trial":false,"path_per_floor":["M","M","M","M","?","E","M","R","T","M","R","M","$","E","R","B",null,"M","M","?","M","T","R","M","M","T","R","$","M","?","?","R","B",null,"M"],"character_chosen":"THE_SILENT","items_purchased":["Toy Ornithopter","Acrobatics","Storm of Steel","Accuracy"],"campfire_rested":1,"item_purchase_floors":[13,13,28,28],"current_hp_per_floor":[54,54,54,53,58,26,26,26,26,26,45,45,45,50,50,23,55,49,39,39,18,18,18,9,5,5,17,17,17,17,11,26,8,51,0],"gold":175,"neow_bonus":"TRANSFORM_TWO_CARDS","is_prod":false,"is_daily":false,"chose_seed":false,"campfire_upgraded":5,"win_rate":0,"timestamp":1701143837,"path_taken":["M","M","M","M","?","E","M","R","T","M","R","M","$","E","R","BOSS","M","M","?","?","?","R","M","M","T","R","$","M","?","?","R","BOSS","M"],"build_version":"2022-12-18","purchased_purges":1,"victory":false,"max_hp_per_floor":[60,60,60,60,65,65,65,65,65,65,65,65,65,65,65,65,65,65,65,65,65,65,65,65,65,65,65,65,65,65,65,65,65,65,65],"card_choices":[{"not_picked":["Dagger Spray","Heel Hook"],"picked":"Prepared","floor":1.0},{"not_picked":["Blade Dance","Flying Knee"],"picked":"Dash","floor":2.0},{"not_picked":["Quick Slash","Sucker Punch","Burst"],"picked":"SKIP","floor":3.0},{"not_picked":["Flying Knee","Dagger Spray"],"picked":"Quick Slash","floor":4.0},{"not_picked":["Masterful Stab","Prepared"],"picked":"Dodge and Roll","floor":6.0},{"not_picked":["Dagger Spray","Wraith Form v2"],"picked":"Skewer","floor":7.0},{"not_picked":["Slice","Dagger Spray"],"picked":"Blur","floor":10.0},{"not_picked":["Setup","Catalyst","Expertise"],"picked":"SKIP","floor":12.0},{"not_picked":["Dagger Spray","Concentrate"],"picked":"Infinite Blades","floor":14.0},{"not_picked":["Bullet Time","Burst"],"picked":"Corpse Explosion","floor":16.0},{"not_picked":["Distraction","Slice"],"picked":"Dagger Throw","floor":18.0},{"not_picked":["Poisoned Stab","PiercingWail"],"picked":"Outmaneuver","floor":19.0},{"not_picked":["Setup","Endless Agony"],"picked":"Reflex+1","floor":21.0},{"not_picked":["Cloak And Dagger","Catalyst"],"picked":"Calculated Gamble","floor":24.0},{"not_picked":["Quick Slash","Flying Knee+1","Masterful Stab"],"picked":"SKIP","floor":25.0},{"not_picked":["Predator","Reflex+1"],"picked":"After Image","floor":29.0},{"not_picked":["Unload","Storm of Steel"],"picked":"A Thousand Cuts","floor":33.0}],"player_experience":964736,"relics_obtained":[{"floor":6.0,"key":"Bottled Lightning"},{"floor":9.0,"key":"Kunai"},{"floor":14.0,"key":"Tough Bandages"},{"floor":22.0,"key":"Art of War"},{"floor":26.0,"key":"Eternal Feather"}],"event_choices":[{"damage_healed":0.0,"max_hp_gain":5.0,"max_hp_loss":0.0,"gold_gain":0.0,"event_name":"Big Fish","player_choice":"Donut","floor":5.0,"gold_loss":0.0,"damage_taken":0.0},{"cards_removed":["Corpse Explosion"],"damage_healed":0.0,"max_hp_gain":0.0,"max_hp_loss":0.0,"gold_gain":0.0,"event_name":"Purifier","player_choice":"Purged","floor":20.0,"gold_loss":0.0,"damage_taken":0.0},{"damage_healed":0.0,"max_hp_gain":0.0,"max_hp_loss":0.0,"gold_gain":50.0,"event_name":"Nest","player_choice":"Stole From Cult","floor":30.0,"gold_loss":0.0,"damage_taken":0.0},{"damage_healed":0.0,"max_hp_gain":0.0,"max_hp_loss":0.0,"gold_gain":0.0,"event_name":"Knowing Skull","player_choice":"","floor":31.0,"potions_obtained":[],"gold_loss":0.0,"damage_taken":6.0,"cards_obtained":[]}],"is_beta":false,"boss_relics":[{"not_picked":["Sozu","Ring of the Serpent"],"picked":"Coffee Dripper"},{"not_picked":["SacredBark","Pandora\u0027s Box"],"picked":"Empty Cage"}],"items_purged_floors":[13],"is_endless":false,"potions_floor_spawned":[2,7,10,12,16,21,29],"killed_by":"3 Darklings","ascension_level":20}