{"gold_per_floor":[111,10,10,21,21,49,60,60,60,79,79,95,112,137,137,137],"floor_reached":16,"playtime":683,"items_purged":["Defend_G"],"score":274,"play_id":"7f9add8f-2ce5-4ce0-ae48-770c7d14bc3c","local_time":"20231214182941","is_ascension_mode":true,"campfire_choices":[{"data":"Neutralize","floor":8.0,"key":"SMITH"},{"data":"Sucker Punch","floor":11.0,"key":"SMITH"},{"data":"Calculated Gamble","floor":15.0,"key":"SMITH"}],"neow_cost":"NONE","seed_source_timestamp":0,"circlet_count":0,"master_deck":["AscendersBane","Strike_G","Strike_G","Strike_G","Strike_G","Defend_G","Defend_G","Defend_G+1","Defend_G+1","Survivor","Neutralize+1","Leg Sweep","Dagger Throw","Sucker Punch+1","Underhanded Strike","Crippling Poison","Heel Hook","Calculated Gamble+1"],"special_seed":0,"relics":["Ring of the Snake","NeowsBlessing","War Paint","Lantern","Darkstone Periapt","Mango"],"potions_floor_usage":[16],"damage_taken":[{"damage":0.0,"enemies":"Jaw Worm","floor":1.0,"turns":1.0},{"damage":0.0,"enemies":"Small Slimes","floor":4.0,"turns":1.0},{"damage":0.0,"enemies":"3 Sentries","floor":6.0,"turns":1.0},{"damage":0.0,"enemies":"2 Louse","floor":7.0,"turns":2.0},{"damage":3.0,"enemies":"Looter","floor":10.0,"turns":4.0},{"damage":1.0,"enemies":"Blue Slaver","floor":12.0,"turns":3.0},{"damage":9.0,"enemies":"Exordium Thugs","floor":13.0,"turns":9.0},{"damage":3.0,"enemies":"Lagavulin","floor":14.0,"turns":7.0},{"damage":45,"enemies":"Hexaghost","floor":16,"turns":11}],"seed_played":"8503352361089556872","potions_obtained":[{"floor":1.0,"key":"DistilledChaos"},{"floor":4.0,"key":"LiquidBronze"}],"is_trial":false,"path_per_floor":["M","$","?","M","?","E","M","R","T","M","R","M","M","E","R","B"],"character_chosen":"THE_SILENT","items_purchased":["Dagger Throw"],"campfire_rested":0,"item_purchase_floors":[2],"current_hp_per_floor":[59,59,52,52,47,47,47,47,47,44,44,43,34,45,45,0],"gold":137,"neow_bonus":"THREE_ENEMY_KILL","is_prod":false,"is_daily":false,"chose_seed":false,"campfire_upgraded":3,"win_rate":0,"timestamp":1702607381,"path_taken":["M","$","?","M","?","E","M","R","T","M","R","M","M","E","R","BOSS"],"build_version":"2022-12-18","purchased_purges":1,"victory":false,"max_hp_per_floor":[66,66,66,66,66,66,66,66,66,66,66,66,66,80,80,80],"card_choices":[{"not_picked":["Flying Knee","Poisoned Stab"],"picked":"Leg Sweep","floor":1.0},{"not_picked":["Dagger Throw","Poisoned Stab"],"picked":"Sucker Punch","floor":4.0},{"not_picked":["Quick Slash","Flying Knee","Outmaneuver"],"picked":"SKIP","floor":6.0},{"not_picked":["Cloak And Dagger","Dagger Throw"],"picked":"Underhanded Strike","floor":7.0},{"not_picked":["Flechettes","Concentrate","Outmaneuver"],"picked":"SKIP","floor":10.0},{"not_picked":["Flying Knee","Dagger Throw"],"picked":"Crippling Poison","floor":12.0},{"not_picked":["Grand Finale","Escape Plan"],"picked":"Heel Hook","floor":13.0},{"not_picked":["PiercingWail","Crippling Poison"],"picked":"Calculated Gamble","floor":14.0}],"player_experience":973631,"relics_obtained":[{"floor":6.0,"key":"Lantern"},{"floor":9.0,"key":"Darkstone Periapt"},{"floor":14.0,"key":"Mango"}],"event_choices":[{"cards_removed":["Strike_G"],"damage_healed":0.0,"max_hp_gain":0.0,"max_hp_loss":0.0,"gold_gain":0.0,"event_name":"Golden Wing","player_choice":"Card Removal","floor":3.0,"gold_loss":0.0,"damage_taken":7.0},{"damage_healed":0.0,"max_hp_gain":0.0,"max_hp_loss":0.0,"gold_gain":0.0,"event_name":"Scrap Ooze","player_choice":"Success","floor":5.0,"gold_loss":0.0,"damage_taken":5.0,"relics_obtained":["War Paint"]}],"is_beta":false,"boss_relics":[],"items_purged_floors":[2],"is_endless":false,"potions_floor_spawned":[1,4,10],"killed_by":"Hexaghost","ascension_level":20}