{"gold_per_floor":[17,29,29,29,29,29,44,44,44,44,77,92,130,151,151,250,250,263,278,291,48,48,48,79,92,92,111,129,129,164,76,76,172,172,191,212,235,256,256,300,300,313,313,313,313,21,21,37,37,37,37],"floor_reached":51,"playtime":4039,"items_purged":["Strike_G","Strike_G"],"score":1608,"play_id":"597816d9-5f02-4dfe-8a82-74339f0520c9","local_time":"20231214221449","is_ascension_mode":true,"campfire_choices":[{"data":"Blade Dance","floor":6.0,"key":"SMITH"},{"data":"Doppelganger","floor":8.0,"key":"SMITH"},{"data":"Neutralize","floor":10.0,"key":"SMITH"},{"data":"Burst","floor":15.0,"key":"SMITH"},{"data":"Well Laid Plans","floor":23.0,"key":"SMITH"},{"data":"Deadly Poison","floor":29.0,"key":"SMITH"},{"data":"Cloak And Dagger","floor":32.0,"key":"SMITH"},{"floor":44.0,"key":"REST"},{"floor":49,"key":"RECALL"}],"neow_cost":"NO_GOLD","seed_source_timestamp":0,"circlet_count":0,"master_deck":["AscendersBane","Strike_G","Defend_G","Defend_G","Defend_G","Defend_G","Survivor","Neutralize+1","Blade Dance+1","Well Laid Plans+1","Doppelganger+1","Quick Slash","Masterful Stab","Burst+1","Concentrate","Deadly Poison+1","Corpse Explosion","Footwork+1","Cloak And Dagger+1","Backflip","Deflect","Blur","Adrenaline","Escape Plan","Concentrate","Predator","Metamorphosis","Purity","PiercingWail"],"special_seed":0,"relics":["Ring of the Snake","Golden Idol","Unceasing Top","Eternal Feather","Strawberry","Cursed Key","Omamori","PreservedInsect","Meat on the Bone","MawBank","Fusion Hammer","Gremlin Horn"],"potions_floor_usage":[50,51],"damage_taken":[{"damage":1.0,"enemies":"Small Slimes","floor":1.0,"turns":6.0},{"damage":0.0,"enemies":"Jaw Worm","floor":2.0,"turns":4.0},{"damage":0.0,"enemies":"Cultist","floor":7.0,"turns":3.0},{"damage":10.0,"enemies":"Lagavulin","floor":11.0,"turns":8.0},{"damage":2.0,"enemies":"Large Slime","floor":12.0,"turns":5.0},{"damage":29.0,"enemies":"3 Sentries","floor":13.0,"turns":9.0},{"damage":4.0,"enemies":"Exordium Thugs","floor":14.0,"turns":3.0},{"damage":21.0,"enemies":"The Guardian","floor":16.0,"turns":10.0},{"damage":0.0,"enemies":"Spheric Guardian","floor":18.0,"turns":3.0},{"damage":10.0,"enemies":"Shell Parasite","floor":19.0,"turns":3.0},{"damage":0.0,"enemies":"Centurion and Healer","floor":20.0,"turns":4.0},{"damage":2.0,"enemies":"Book of Stabbing","floor":24.0,"turns":4.0},{"damage":12.0,"enemies":"Snake Plant","floor":25.0,"turns":5.0},{"damage":0.0,"enemies":"3 Cultists","floor":27.0,"turns":3.0},{"damage":0.0,"enemies":"Snecko","floor":28.0,"turns":5.0},{"damage":0.0,"enemies":"Gremlin Leader","floor":30.0,"turns":5.0},{"damage":16.0,"enemies":"Automaton","floor":33.0,"turns":11.0},{"damage":0.0,"enemies":"3 Darklings","floor":35.0,"turns":2.0},{"damage":0.0,"enemies":"Orb Walker","floor":36.0,"turns":3.0},{"damage":40.0,"enemies":"Jaw Worm Horde","floor":37.0,"turns":3.0},{"damage":0.0,"enemies":"Spire Growth","floor":38.0,"turns":5.0},{"damage":4.0,"enemies":"Nemesis","floor":40.0,"turns":5.0},{"damage":0.0,"enemies":"Maw","floor":42.0,"turns":6.0},{"damage":0,"enemies":"4 Shapes","floor":48,"turns":2},{"damage":0,"enemies":"Awakened One","floor":50,"turns":8},{"damage":81,"enemies":"Time Eater","floor":51,"turns":8}],"seed_played":"-6595352199696492451","potions_obtained":[{"floor":5.0,"key":"SkillPotion"},{"floor":5.0,"key":"Weak Potion"},{"floor":11.0,"key":"SteroidPotion"},{"floor":16.0,"key":"DistilledChaos"},{"floor":19.0,"key":"Dexterity Potion"},{"floor":24.0,"key":"LiquidMemories"},{"floor":30.0,"key":"EssenceOfSteel"},{"floor":33.0,"key":"Fire Potion"},{"floor":37.0,"key":"Weak Potion"},{"floor":40.0,"key":"SneckoOil"}],"is_trial":false,"path_per_floor":["M","M","?","?","?","R","M","R","T","R","E","M","E","M","R","B",null,"M","M","M","$","?","R","E","M","T","M","M","R","E","$","R","B",null,"M","M","M","M","?","E","?","M","T","R","T","$","?","M","R","B","B"],"character_chosen":"THE_SILENT","items_purchased":["Omamori","Metamorphosis","Purity"],"campfire_rested":1,"item_purchase_floors":[21,46,46],"current_hp_per_floor":[58,58,58,58,58,58,58,58,58,58,48,46,24,20,29,8,52,52,42,42,42,42,54,52,40,40,40,40,52,52,52,64,48,62,62,62,34,34,34,42,42,42,42,67,67,67,67,67,67,67,0],"gold":37,"neow_bonus":"REMOVE_TWO","is_prod":false,"is_daily":false,"chose_seed":false,"campfire_upgraded":7,"win_rate":0,"timestamp":1702620889,"path_taken":["M","M","?","?","?","R","M","R","T","R","E","?","E","M","R","BOSS","M","M","M","$","?","R","E","M","T","M","M","R","E","?","R","BOSS","M","M","?","?","?","E","?","M","T","R","?","$","?","M","R","BOSS","BOSS"],"build_version":"2022-12-18","purchased_purges":2,"victory":false,"max_hp_per_floor":[66,66,66,60,60,60,60,60,60,60,60,60,67,67,67,67,67,67,67,67,67,67,67,67,67,67,67,67,67,67,67,67,67,67,67,67,67,67,67,67,67,67,67,67,67,67,67,67,67,67,67],"card_choices":[{"not_picked":["Deflect","Underhanded Strike"],"picked":"Blade Dance","floor":1.0},{"not_picked":["Blade Dance","Flying Knee"],"picked":"Well Laid Plans","floor":2.0},{"not_picked":["Prepared","Outmaneuver"],"picked":"Quick Slash","floor":7.0},{"not_picked":["Expertise","Heel Hook"],"picked":"Masterful Stab","floor":11.0},{"not_picked":["Dagger Spray","Sucker Punch"],"picked":"Burst","floor":12.0},{"not_picked":["Blade Dance","Cloak And Dagger"],"picked":"Concentrate","floor":13.0},{"not_picked":["Masterful Stab","Bane"],"picked":"Deadly Poison","floor":14.0},{"not_picked":["Grand Finale","Wraith Form v2"],"picked":"Corpse Explosion","floor":16.0},{"not_picked":["Eviscerate","Deadly Poison"],"picked":"Footwork","floor":18.0},{"not_picked":["Quick Slash","PiercingWail"],"picked":"Cloak And Dagger","floor":19.0},{"not_picked":["Heel Hook","Poisoned Stab","Dagger Throw"],"picked":"SKIP","floor":20.0},{"not_picked":["Outmaneuver","Poisoned Stab","Dash"],"picked":"SKIP","floor":24.0},{"not_picked":["Blur","Underhanded Strike"],"picked":"Backflip","floor":25.0},{"not_picked":["Deadly Poison","Backflip"],"picked":"Deflect","floor":27.0},{"not_picked":["Blur","Bouncing Flask+1","Leg Sweep"],"picked":"SKIP","floor":28.0},{"not_picked":["Bouncing Flask+1","Leg Sweep"],"picked":"Blur","floor":28.0},{"not_picked":["Dagger Spray","Wraith Form v2","Sucker Punch"],"picked":"SKIP","floor":30.0},{"not_picked":["Venomology","Malaise"],"picked":"Adrenaline","floor":33.0},{"not_picked":["Bane","Dodge and Roll"],"picked":"Escape Plan","floor":35.0},{"not_picked":["Infinite Blades","Quick Slash","Backstab"],"picked":"SKIP","floor":36.0},{"not_picked":["Flying Knee","Sucker Punch+1"],"picked":"Concentrate","floor":37.0},{"not_picked":["Poisoned Stab","Dodge and Roll+1","Dash"],"picked":"SKIP","floor":38.0},{"not_picked":["Poisoned Stab","Dodge and Roll+1","Dash"],"picked":"SKIP","floor":38.0},{"not_picked":["Accuracy+1","Blur+1"],"picked":"Predator","floor":40.0},{"not_picked":["Flying Knee+1","Bane","Footwork"],"picked":"SKIP","floor":42.0},{"not_picked":["Eviscerate+1","Cloak And Dagger","Caltrops"],"picked":"SKIP","floor":48}],"player_experience":974314,"relics_obtained":[{"floor":9.0,"key":"Unceasing Top"},{"floor":11.0,"key":"Eternal Feather"},{"floor":13.0,"key":"Strawberry"},{"floor":24.0,"key":"PreservedInsect"},{"floor":26.0,"key":"Meat on the Bone"},{"floor":30.0,"key":"MawBank"},{"floor":43.0,"key":"Gremlin Horn"}],"event_choices":[{"damage_healed":0.0,"max_hp_gain":0.0,"max_hp_loss":0.0,"gold_gain":0.0,"cards_transformed":["Strike_G"],"event_name":"Living Wall","player_choice":"Change","floor":3.0,"gold_loss":0.0,"damage_taken":0.0,"cards_obtained":["Doppelganger"]},{"damage_healed":0.0,"max_hp_gain":0.0,"max_hp_loss":6.0,"gold_gain":0.0,"event_name":"Golden Idol","player_choice":"Lose Max HP","floor":4.0,"gold_loss":0.0,"damage_taken":0.0,"relics_obtained":["Golden Idol"]},{"damage_healed":0.0,"max_hp_gain":0.0,"max_hp_loss":0.0,"gold_gain":0.0,"event_name":"Lab","player_choice":"Got Potions","floor":5.0,"gold_loss":0.0,"damage_taken":0.0},{"damage_healed":0.0,"max_hp_gain":0.0,"max_hp_loss":0.0,"gold_gain":0.0,"event_name":"Accursed Blacksmith","player_choice":"Forge","floor":22.0,"gold_loss":0.0,"damage_taken":0.0,"cards_upgraded":["Footwork"]},{"damage_healed":0.0,"max_hp_gain":0.0,"max_hp_loss":0.0,"gold_gain":0.0,"event_name":"Mysterious Sphere","player_choice":"Ignored","floor":39.0,"gold_loss":0.0,"damage_taken":0.0},{"damage_healed":0.0,"max_hp_gain":0.0,"max_hp_loss":0.0,"gold_gain":0.0,"event_name":"Tomb of Lord Red Mask","player_choice":"Ignored","floor":41.0,"gold_loss":0.0,"damage_taken":0.0},{"damage_healed":0,"gold_gain":0,"player_choice":"1 cards matched","damage_taken":0,"max_hp_gain":0,"max_hp_loss":0,"event_name":"Match and Keep!","floor":47,"gold_loss":0,"cards_obtained":["PiercingWail"]}],"is_beta":false,"boss_relics":[{"not_picked":["Sozu","Busted Crown"],"picked":"Cursed Key"},{"not_picked":["Tiny House","Pandora\u0027s Box"],"picked":"Fusion Hammer"}],"items_purged_floors":[21,31],"is_endless":false,"potions_floor_spawned":[11,12,16,19,24,25,30,33,37,40,42],"killed_by":"Time Eater","ascension_level":20}