{"gold_per_floor":[359,359,373,391,410,410,430,448,448,468,109,124,124,159,159,238,238,252,252,39,55,55,55,71,88,88,103,103,133,144,176,176,176],"floor_reached":33,"playtime":2804,"items_purged":["Defend_G","Clumsy"],"score":582,"play_id":"b9a3822d-5977-48ff-b25c-ed1cfb43fb21","local_time":"20231224153934","is_ascension_mode":true,"campfire_choices":[{"data":"Dagger Spray","floor":6.0,"key":"SMITH"},{"floor":13.0,"key":"REST"},{"data":"Night Terror","floor":15.0,"key":"SMITH"},{"data":"Predator","floor":23.0,"key":"SMITH"},{"floor":28.0,"key":"REST"},{"floor":32.0,"key":"REST"}],"neow_cost":"CURSE","seed_source_timestamp":0,"circlet_count":0,"master_deck":["AscendersBane","Strike_G+1","Strike_G+1","Strike_G+1","Strike_G+1","Strike_G+1","Defend_G+1","Defend_G+1","Defend_G+1","Defend_G+1","Survivor","Neutralize","Dagger Spray+1","Neutralize","Footwork","Prepared","PiercingWail","Cloak And Dagger","Night Terror+1","Dash","Malaise","Predator+1","Storm of Steel","Blade Dance","Blade Dance","Backflip","Backflip","Skewer","Phantasmal Killer"],"special_seed":0,"relics":["Ring of the Snake","Odd Mushroom","Smiling Mask","Chemical X","Potion Belt","Philosopher\u0027s Stone","ClockworkSouvenir","Matryoshka","Ornamental Fan","Question Card"],"potions_floor_usage":[33,33],"damage_taken":[{"damage":10.0,"enemies":"Jaw Worm","floor":1.0,"turns":8.0},{"damage":0.0,"enemies":"Cultist","floor":3.0,"turns":4.0},{"damage":3.0,"enemies":"2 Louse","floor":4.0,"turns":2.0},{"damage":6.0,"enemies":"2 Fungi Beasts","floor":5.0,"turns":4.0},{"damage":4.0,"enemies":"The Mushroom Lair","floor":7.0,"turns":4.0},{"damage":0.0,"enemies":"3 Louse","floor":8.0,"turns":1.0},{"damage":5.0,"enemies":"Exordium Thugs","floor":10.0,"turns":11.0},{"damage":1.0,"enemies":"Large Slime","floor":12.0,"turns":9.0},{"damage":23.0,"enemies":"Gremlin Nob","floor":14.0,"turns":6.0},{"damage":21.0,"enemies":"Hexaghost","floor":16.0,"turns":16.0},{"damage":1.0,"enemies":"Shell Parasite","floor":18.0,"turns":7.0},{"damage":3.0,"enemies":"2 Thieves","floor":21.0,"turns":4.0},{"damage":0.0,"enemies":"Snake Plant","floor":24.0,"turns":8.0},{"damage":5.0,"enemies":"Chosen and Byrds","floor":25.0,"turns":5.0},{"damage":6.0,"enemies":"Sentry and Sphere","floor":27.0,"turns":8.0},{"damage":11.0,"enemies":"Book of Stabbing","floor":29.0,"turns":6.0},{"damage":6.0,"enemies":"Centurion and Healer","floor":30.0,"turns":7.0},{"damage":12.0,"enemies":"Slavers","floor":31.0,"turns":5.0},{"damage":48,"enemies":"Collector","floor":33,"turns":9}],"seed_played":"7830304992005736686","potions_obtained":[{"floor":5.0,"key":"Swift Potion"},{"floor":7.0,"key":"LiquidMemories"},{"floor":8.0,"key":"BlessingOfTheForge"},{"floor":14.0,"key":"DuplicationPotion"},{"floor":16.0,"key":"PowerPotion"},{"floor":18.0,"key":"DistilledChaos"},{"floor":21.0,"key":"LiquidMemories"},{"floor":25.0,"key":"Weak Potion"},{"floor":27.0,"key":"Fire Potion"},{"floor":30.0,"key":"SkillPotion"},{"floor":31.0,"key":"SpeedPotion"}],"is_trial":false,"path_per_floor":["M","?","M","M","M","R","?","M","T","M","$","M","R","E","R","B",null,"M","?","$","M","?","R","M","M","T","M","R","E","M","E","R","B"],"character_chosen":"THE_SILENT","items_purchased":["Chemical X","Malaise","PowerPotion","ClockworkSouvenir"],"campfire_rested":3,"item_purchase_floors":[11,11,11,20],"current_hp_per_floor":[49,49,49,46,40,40,36,36,36,31,31,30,49,26,26,5,51,50,50,50,47,47,47,47,42,42,36,55,44,38,26,45,0],"gold":176,"neow_bonus":"TWO_FIFTY_GOLD","is_prod":false,"is_daily":false,"chose_seed":false,"campfire_upgraded":3,"win_rate":0,"timestamp":1703461174,"path_taken":["M","?","M","?","M","R","?","M","T","M","$","M","R","E","R","BOSS","M","?","$","M","?","R","M","M","T","M","R","E","M","E","R","BOSS"],"build_version":"2022-12-18","purchased_purges":2,"victory":false,"max_hp_per_floor":[66,66,66,66,66,66,66,66,66,66,66,66,66,66,66,66,66,66,66,66,66,66,66,66,66,66,66,66,66,66,66,66,66],"card_choices":[{"not_picked":["Infinite Blades","Eviscerate"],"picked":"Dagger Spray","floor":1.0},{"not_picked":["Outmaneuver","Deadly Poison"],"picked":"Footwork","floor":3.0},{"not_picked":["Acrobatics","Dodge and Roll"],"picked":"Prepared","floor":4.0},{"not_picked":["Underhanded Strike","Blur"],"picked":"PiercingWail","floor":5.0},{"not_picked":["Deadly Poison","Deflect"],"picked":"Cloak And Dagger","floor":7.0},{"not_picked":["Poisoned Stab","Flying Knee"],"picked":"Night Terror","floor":8.0},{"not_picked":["Slice","Distraction"],"picked":"Dash","floor":10.0},{"not_picked":["PiercingWail","Deflect","Cloak And Dagger"],"picked":"SKIP","floor":12.0},{"not_picked":["Grand Finale","Flying Knee"],"picked":"Predator","floor":14.0},{"not_picked":["Malaise","Tools of the Trade"],"picked":"Storm of Steel","floor":16.0},{"not_picked":["Prepared","Underhanded Strike"],"picked":"Blade Dance","floor":18.0},{"not_picked":["Expertise+1","Prepared"],"picked":"Backflip","floor":21.0},{"not_picked":["Acrobatics","Sucker Punch"],"picked":"Backflip","floor":24.0},{"not_picked":["Dodge and Roll","Flechettes"],"picked":"Skewer","floor":25.0},{"not_picked":["Blade Dance","Crippling Poison","Cloak And Dagger"],"picked":"SKIP","floor":27.0},{"not_picked":["Deflect","Prepared"],"picked":"Phantasmal Killer","floor":29.0},{"not_picked":["Poisoned Stab","Skewer","Slice"],"picked":"SKIP","floor":30.0},{"not_picked":["Dagger Spray","Slice","Dagger Throw"],"picked":"SKIP","floor":31.0}],"player_experience":982789,"relics_obtained":[{"floor":7.0,"key":"Odd Mushroom"},{"floor":9.0,"key":"Smiling Mask"},{"floor":14.0,"key":"Potion Belt"},{"floor":26.0,"key":"Matryoshka"},{"floor":29.0,"key":"Ornamental Fan"},{"floor":31.0,"key":"Question Card"}],"event_choices":[{"damage_healed":0.0,"max_hp_gain":0.0,"max_hp_loss":0.0,"gold_gain":0.0,"event_name":"Match and Keep!","player_choice":"1 cards matched","floor":2.0,"gold_loss":0.0,"damage_taken":0.0,"cards_obtained":["Neutralize"]},{"damage_healed":0.0,"max_hp_gain":0.0,"max_hp_loss":0.0,"gold_gain":0.0,"event_name":"Mushrooms","player_choice":"Fought Mushrooms","floor":7.0,"gold_loss":0.0,"damage_taken":0.0},{"damage_healed":0.0,"max_hp_gain":0.0,"max_hp_loss":0.0,"gold_gain":0.0,"event_name":"The Library","player_choice":"Read","floor":19.0,"gold_loss":0.0,"damage_taken":0.0,"cards_obtained":["Blade Dance"]},{"damage_healed":0.0,"max_hp_gain":0.0,"max_hp_loss":0.0,"gold_gain":0.0,"event_name":"Back to Basics","player_choice":"Simplicity","floor":22.0,"gold_loss":0.0,"damage_taken":0.0,"cards_upgraded":["Strike_G","Strike_G","Strike_G","Strike_G","Strike_G","Defend_G","Defend_G","Defend_G","Defend_G"]}],"is_beta":false,"boss_relics":[{"not_picked":["SlaversCollar","Tiny House"],"picked":"Philosopher\u0027s Stone"}],"items_purged_floors":[11,20],"is_endless":false,"potions_floor_spawned":[5,7,8,14,16,18,21,25,27,30,31],"killed_by":"Collector","ascension_level":20}