{"gold_per_floor":[359,378,378,50,50,50,65,140,167,208,247,281,315,388,388,487,487,528,546,110,175,218,218,254,254,254,302,302,352,427,471,471,570,570,611,944,277,319,337,337,406,406,451,511,552,570,570,132,132,132,132],"floor_reached":52,"playtime":4870,"items_purged":["Strike_G","Strike_G","Defend_G","Strike_G"],"score":1840,"play_id":"99f4d471-5742-4999-907d-300c700de9ce","local_time":"20231226172715","is_ascension_mode":true,"campfire_choices":[{"floor":6.0,"key":"REST"},{"data":"HandOfGreed","floor":15.0,"key":"SMITH"},{"floor":23.0,"key":"REST"},{"data":"After Image","floor":25.0,"key":"SMITH"},{"data":"Well Laid Plans","floor":28.0,"key":"SMITH"},{"data":"Envenom","floor":32.0,"key":"SMITH"},{"data":"Apotheosis","floor":40.0,"key":"SMITH"},{"data":"Adrenaline","floor":42.0,"key":"SMITH"},{"data":"After Image","floor":49.0,"key":"SMITH"}],"neow_cost":"TEN_PERCENT_HP_LOSS","seed_source_timestamp":0,"circlet_count":0,"master_deck":["AscendersBane","Strike_G","Defend_G","Defend_G+1","Survivor","Neutralize","All Out Attack","Blade Dance+1","HandOfGreed+1","Well Laid Plans+1","Venomology","Acrobatics","PiercingWail","Deflect","Deadly Poison","Cloak And Dagger","Envenom+1","Deflect+1","Wraith Form v2+1","Wraith Form v2+1","Blur","Bane+1","After Image+1","Escape Plan","Enlightenment","Terror","Adrenaline+1","Prepared","Blade Dance","Outmaneuver","After Image+1","Backflip+1","Apotheosis+1","Calculated Gamble","Prepared+1","Acrobatics","Reflex+1","Catalyst","Escape Plan","Deep Breath"],"special_seed":0,"relics":["Ring of the Snake","PreservedInsect","Snake Skull","Pen Nib","Eternal Feather","Astrolabe","Red Mask","CaptainsWheel","War Paint","SacredBark","Paper Crane","Bag of Marbles","Bottled Lightning"],"potions_floor_usage":[51,51,51],"damage_taken":[{"damage":6.0,"enemies":"Small Slimes","floor":1.0,"turns":4.0},{"damage":2.0,"enemies":"Jaw Worm","floor":2.0,"turns":6.0},{"damage":0.0,"enemies":"Cultist","floor":7.0,"turns":4.0},{"damage":10.0,"enemies":"3 Sentries","floor":8.0,"turns":5.0},{"damage":0.0,"enemies":"Gremlin Nob","floor":10.0,"turns":2.0},{"damage":8.0,"enemies":"Blue Slaver","floor":11.0,"turns":3.0},{"damage":7.0,"enemies":"2 Fungi Beasts","floor":12.0,"turns":3.0},{"damage":5.0,"enemies":"Red Slaver","floor":13.0,"turns":4.0},{"damage":1.0,"enemies":"Lots of Slimes","floor":14.0,"turns":6.0},{"damage":10.0,"enemies":"Hexaghost","floor":16.0,"turns":11.0},{"damage":4.0,"enemies":"Chosen","floor":18.0,"turns":7.0},{"damage":19.0,"enemies":"Shell Parasite","floor":19.0,"turns":9.0},{"damage":4.0,"enemies":"Masked Bandits","floor":21.0,"turns":7.0},{"damage":0.0,"enemies":"Centurion and Healer","floor":22.0,"turns":9.0},{"damage":20.0,"enemies":"Slavers","floor":24.0,"turns":9.0},{"damage":2.0,"enemies":"Snecko","floor":27.0,"turns":7.0},{"damage":2.0,"enemies":"Shelled Parasite and Fungi","floor":29.0,"turns":7.0},{"damage":0.0,"enemies":"Centurion and Healer","floor":30.0,"turns":9.0},{"damage":0.0,"enemies":"Cultist and Chosen","floor":31.0,"turns":7.0},{"damage":19.0,"enemies":"Automaton","floor":33.0,"turns":12.0},{"damage":6.0,"enemies":"Orb Walker","floor":35.0,"turns":7.0},{"damage":2.0,"enemies":"3 Darklings","floor":38.0,"turns":9.0},{"damage":14.0,"enemies":"Transient","floor":39.0,"turns":6.0},{"damage":0.0,"enemies":"Sphere and 2 Shapes","floor":41.0,"turns":7.0},{"damage":70.0,"enemies":"Reptomancer","floor":44.0,"turns":6.0},{"damage":0.0,"enemies":"Maw","floor":45.0,"turns":7.0},{"damage":0.0,"enemies":"Writhing Mass","floor":46.0,"turns":5.0},{"damage":5.0,"enemies":"Donu and Deca","floor":50.0,"turns":14.0},{"damage":53,"enemies":"Time Eater","floor":51,"turns":17}],"seed_played":"2034227542395641982","potions_obtained":[{"floor":1.0,"key":"DistilledChaos"},{"floor":2.0,"key":"FearPotion"},{"floor":13.0,"key":"SneckoOil"},{"floor":16.0,"key":"SneckoOil"},{"floor":18.0,"key":"Strength Potion"},{"floor":19.0,"key":"CunningPotion"},{"floor":22.0,"key":"Fruit Juice"},{"floor":30.0,"key":"Fruit Juice"},{"floor":33.0,"key":"BlessingOfTheForge"},{"floor":39.0,"key":"Strength Potion"},{"floor":45.0,"key":"ColorlessPotion"}],"is_trial":false,"path_per_floor":["M","M","?","$","?","R","M","E","T","E","M","M","M","M","R","B",null,"M","M","$","?","M","R","E","R","T","M","R","M","M","M","R","B",null,"M","?","$","M","M","R","M","R","T","E","M","M","?","$","R","B","B",null],"character_chosen":"THE_SILENT","items_purchased":["HandOfGreed","Well Laid Plans","After Image","Escape Plan","Enlightenment","Apotheosis","Calculated Gamble","Paper Crane","Escape Plan","Deep Breath","Poison Potion","Dexterity Potion"],"campfire_rested":2,"item_purchase_floors":[4,4,20,20,20,37,37,37,48,48,48,48],"current_hp_per_floor":[53,51,46,46,25,43,43,33,33,33,25,18,13,12,24,14,49,45,26,26,22,22,55,40,58,58,65,65,63,63,68,70,51,65,59,59,59,57,43,64,64,70,70,42,42,42,42,42,66,61,8],"gold":132,"neow_bonus":"TWO_FIFTY_GOLD","is_prod":false,"is_daily":false,"chose_seed":false,"campfire_upgraded":7,"win_rate":0,"timestamp":1703640435,"path_taken":["M","M","?","$","?","R","M","E","T","E","M","M","M","M","R","BOSS","M","M","$","?","M","R","E","R","T","M","R","M","M","M","R","BOSS","M","?","$","M","M","R","M","R","T","E","M","M","?","$","R","BOSS","BOSS"],"build_version":"2022-12-18","purchased_purges":4,"victory":true,"max_hp_per_floor":[60,60,60,60,60,60,60,60,60,60,60,60,60,60,60,60,60,60,60,60,60,60,60,65,65,65,65,65,65,65,70,70,70,70,70,70,70,70,70,70,70,70,70,70,70,70,66,66,66,66,66],"card_choices":[{"not_picked":["Dagger Spray","Footwork"],"picked":"All Out Attack","floor":1.0},{"not_picked":["Concentrate","Slice"],"picked":"Blade Dance","floor":2.0},{"not_picked":["Distraction","Eviscerate","Dagger Throw"],"picked":"SKIP","floor":7.0},{"not_picked":["Poisoned Stab","Blade Dance"],"picked":"Venomology","floor":8.0},{"not_picked":["Setup","Dash"],"picked":"Acrobatics","floor":10.0},{"not_picked":["Sucker Punch","Dagger Throw"],"picked":"PiercingWail","floor":11.0},{"not_picked":["Poisoned Stab","Caltrops"],"picked":"Deflect","floor":12.0},{"not_picked":["Dagger Spray","Slice"],"picked":"Deadly Poison","floor":13.0},{"not_picked":["Heel Hook","Flying Knee"],"picked":"Cloak And Dagger","floor":14.0},{"not_picked":["Corpse Explosion","Wraith Form v2"],"picked":"Envenom","floor":16.0},{"not_picked":["Deadly Poison","Crippling Poison"],"picked":"Blur","floor":18.0},{"not_picked":["Underhanded Strike","Prepared"],"picked":"Bane+1","floor":19.0},{"not_picked":["Distraction","Dodge and Roll"],"picked":"Terror","floor":21.0},{"not_picked":["Acrobatics","Quick Slash+1"],"picked":"Adrenaline","floor":22.0},{"not_picked":["Dagger Spray","Outmaneuver"],"picked":"Prepared","floor":24.0},{"not_picked":["PiercingWail","Slice"],"picked":"Blade Dance","floor":27.0},{"not_picked":["Caltrops","Slice","Poisoned Stab"],"picked":"SKIP","floor":29.0},{"not_picked":["Acrobatics","Poisoned Stab+1"],"picked":"Outmaneuver","floor":30.0},{"not_picked":["Bane","Underhanded Strike","Flying Knee"],"picked":"SKIP","floor":31.0},{"not_picked":["Doppelganger","Die Die Die"],"picked":"After Image","floor":33.0},{"not_picked":["Catalyst","Sucker Punch"],"picked":"Backflip+1","floor":35.0},{"not_picked":["Masterful Stab","Reflex"],"picked":"Prepared+1","floor":38.0},{"not_picked":["Dagger Spray","Flying Knee","Caltrops"],"picked":"SKIP","floor":39.0},{"not_picked":["Bane","Prepared"],"picked":"Acrobatics","floor":41.0},{"not_picked":["Concentrate","Noxious Fumes+1"],"picked":"Reflex+1","floor":44.0},{"not_picked":["Endless Agony","Heel Hook","Quick Slash"],"picked":"SKIP","floor":45.0},{"not_picked":["Dagger Throw+1","Dagger Spray"],"picked":"Catalyst","floor":46.0}],"player_experience":985593,"relics_obtained":[{"floor":8.0,"key":"Snake Skull"},{"floor":9.0,"key":"Pen Nib"},{"floor":10.0,"key":"Eternal Feather"},{"floor":21.0,"key":"Red Mask"},{"floor":24.0,"key":"CaptainsWheel"},{"floor":26.0,"key":"War Paint"},{"floor":43.0,"key":"Bag of Marbles"},{"floor":44.0,"key":"Bottled Lightning"}],"event_choices":[{"damage_healed":0.0,"max_hp_gain":0.0,"max_hp_loss":0.0,"gold_gain":0.0,"event_name":"Scrap Ooze","player_choice":"Success","floor":3.0,"gold_loss":0.0,"damage_taken":5.0,"relics_obtained":["PreservedInsect"]},{"damage_healed":0.0,"max_hp_gain":0.0,"max_hp_loss":0.0,"gold_gain":0.0,"event_name":"Golden Idol","player_choice":"Take Damage","floor":5.0,"gold_loss":0.0,"damage_taken":21.0,"relics_obtained":["Golden Idol"]},{"damage_healed":0.0,"max_hp_gain":0.0,"max_hp_loss":0.0,"gold_gain":0.0,"event_name":"Masked Bandits","player_choice":"Fought Bandits","floor":21.0,"gold_loss":0.0,"damage_taken":0.0},{"damage_healed":0.0,"max_hp_gain":0.0,"max_hp_loss":0.0,"gold_gain":333.0,"event_name":"The Moai Head","player_choice":"Gave Idol","floor":36.0,"relics_lost":["Golden Idol"],"gold_loss":0.0,"damage_taken":0.0},{"damage_healed":0.0,"max_hp_gain":0.0,"max_hp_loss":4.0,"gold_gain":0.0,"event_name":"Winding Halls","player_choice":"Max HP","floor":47.0,"gold_loss":0.0,"damage_taken":0.0}],"is_beta":false,"boss_relics":[{"not_picked":["HoveringKite","Black Star"],"picked":"Astrolabe"},{"not_picked":["Sozu","Calling Bell"],"picked":"SacredBark"}],"items_purged_floors":[4,20,37,48],"is_endless":false,"potions_floor_spawned":[1,2,12,13,16,18,19,22,27,30,33,39,44,45],"ascension_level":20}