{"gold_per_floor":[115,115,130,142,67,67,115,115,141,152,164,164,187,33,33,154,154,167,153,153],"floor_reached":20,"playtime":1073,"items_purged":["Defend_G"],"score":185,"play_id":"ae3fd2d2-2db3-43f4-8cc5-1bf260d3df55","local_time":"20240324155400","is_ascension_mode":true,"campfire_choices":[{"data":"Magnetism","floor":6.0,"key":"SMITH"},{"floor":8.0,"key":"REST"},{"floor":15,"key":"REST"}],"neow_cost":"TEN_PERCENT_HP_LOSS","seed_source_timestamp":1208880961710000,"circlet_count":0,"master_deck":["Strike_G","Strike_G","Strike_G","Strike_G","Defend_G","Defend_G","Defend_G","Defend_G","Survivor","Neutralize","Magnetism+1","Deadly Poison","Accuracy","PiercingWail","Sucker Punch","Leg Sweep","Skewer","Backstab","Heel Hook","Feed","Deflect"],"special_seed":0,"relics":["Ring of the Snake","Snake Skull","Golden Idol","PrismaticShard","SlaversCollar"],"potions_floor_usage":[16,19],"damage_taken":[{"damage":6.0,"enemies":"Jaw Worm","floor":1.0,"turns":5.0},{"damage":1.0,"enemies":"Cultist","floor":3.0,"turns":4.0},{"damage":1.0,"enemies":"2 Louse","floor":4.0,"turns":3.0},{"damage":35.0,"enemies":"3 Sentries","floor":7.0,"turns":8.0},{"damage":18,"enemies":"Exordium Thugs","floor":10,"turns":7},{"damage":0,"enemies":"Looter","floor":11,"turns":3},{"damage":2,"enemies":"Blue Slaver","floor":13,"turns":3},{"damage":21,"enemies":"Slime Boss","floor":16,"turns":12},{"damage":9,"enemies":"Chosen","floor":18,"turns":6},{"damage":3,"enemies":"2 Thieves","floor":19,"turns":4},{"damage":50,"enemies":"Sentry and Sphere","floor":20,"turns":7}],"seed_played":"1493689110665185352","potions_obtained":[{"floor":1.0,"key":"DuplicationPotion"},{"floor":4.0,"key":"Strength Potion"},{"floor":7.0,"key":"SpeedPotion"},{"floor":18,"key":"BlessingOfTheForge"}],"is_trial":false,"path_per_floor":["M","?","M","M","$","R","E","R","T","M","M","?","M","$","R","B",null,"M","M","M"],"character_chosen":"THE_SILENT","items_purchased":["PrismaticShard"],"campfire_rested":2,"item_purchase_floors":[14],"current_hp_per_floor":[57,57,56,55,55,55,20,38,38,20,20,20,18,18,35,14,58,49,49,0],"gold":153,"neow_bonus":"RANDOM_COLORLESS_2","is_prod":false,"is_daily":false,"chose_seed":false,"campfire_upgraded":1,"win_rate":0,"timestamp":1711320840,"path_taken":["M","?","M","M","?","R","E","R","T","M","M","?","M","$","R","BOSS","M","M","M"],"build_version":"2022-12-18","purchased_purges":1,"victory":false,"max_hp_per_floor":[63,63,63,63,63,63,63,63,63,63,63,58,58,58,58,58,58,58,61,61],"card_choices":[{"not_picked":["Thinking Ahead","Mayhem"],"picked":"Magnetism","floor":0.0},{"not_picked":["Outmaneuver","Predator"],"picked":"Deadly Poison","floor":1.0},{"not_picked":["Underhanded Strike","Finisher"],"picked":"PiercingWail","floor":3.0},{"not_picked":["Outmaneuver","PiercingWail"],"picked":"Sucker Punch","floor":4.0},{"not_picked":["Poisoned Stab","Flying Knee"],"picked":"Leg Sweep","floor":7.0},{"not_picked":["Envenom","Dagger Spray"],"picked":"Skewer","floor":10},{"not_picked":["Eviscerate","Dagger Throw"],"picked":"Backstab","floor":11},{"not_picked":["Reflex","Acrobatics"],"picked":"Heel Hook","floor":13},{"not_picked":["Meteor Strike","Seek"],"picked":"Feed","floor":16},{"not_picked":["FlyingSleeves+1","Twin Strike"],"picked":"Deflect","floor":18},{"not_picked":["Clash+1","Halt","Skewer"],"picked":"SKIP","floor":19}],"player_experience":1041712,"relics_obtained":[{"floor":7.0,"key":"Snake Skull"}],"event_choices":[{"damage_healed":0.0,"max_hp_gain":0.0,"max_hp_loss":0.0,"gold_gain":0.0,"cards_transformed":["Strike_G"],"event_name":"Transmorgrifier","player_choice":"Transformed","floor":2.0,"gold_loss":0.0,"damage_taken":0.0,"cards_obtained":["Accuracy"]},{"damage_healed":0,"gold_gain":0,"player_choice":"Lose Max HP","damage_taken":0,"relics_obtained":["Golden Idol"],"max_hp_gain":0,"max_hp_loss":5,"event_name":"Golden Idol","floor":12,"gold_loss":0}],"is_beta":false,"boss_relics":[{"not_picked":["Cursed Key","Busted Crown"],"picked":"SlaversCollar"}],"items_purged_floors":[5],"is_endless":false,"potions_floor_spawned":[1,4,7,18],"killed_by":"Sentry and Sphere","ascension_level":1}