{"gold_per_floor":[118,134,151,151,163,197,197,209,209,242,255,265,340,352,352,452,502,516,541,541,527,544,544,561,578,578,578,678,703,34,62,62,160,160,175,85,85,104,114,143,143,159,159,179,179,194,194,219,219,219,219,219,93,121,121],"floor_reached":55,"playtime":4995,"items_purged":["Defend_G","Defend_G"],"score":873,"play_id":"6835d608-ec3e-4b80-938b-784073fe17e6","local_time":"20240325144010","is_ascension_mode":true,"campfire_choices":[{"data":"Malaise","floor":7.0,"key":"SMITH"},{"data":"Terror","floor":15.0,"key":"SMITH"},{"data":"Tactician","floor":23.0,"key":"SMITH"},{"data":"Prepared","floor":27.0,"key":"SMITH"},{"data":"Strike_G","floor":32.0,"key":"PURGE"},{"data":"After Image","floor":41.0,"key":"SMITH"},{"data":"Calculated Gamble","floor":47.0,"key":"SMITH"},{"floor":49.0,"key":"RECALL"},{"data":"Strike_G","floor":52.0,"key":"PURGE"}],"neow_cost":"TEN_PERCENT_HP_LOSS","seed_source_timestamp":0,"circlet_count":0,"master_deck":["Strike_G","Strike_G+1","Defend_G","Defend_G","Survivor","Neutralize","Malaise+1","Quick Slash","Crippling Poison","Blur","Dagger Throw","Masterful Stab","Tactician+1","Backflip","Deadly Poison+1","Terror+1","PiercingWail","Adrenaline","Bane","Prepared+1","Well Laid Plans+1","Eviscerate","Backflip","Flying Knee+1","Blade Dance+1","After Image+1","Predator","Underhanded Strike+1","Footwork","Acrobatics+1","Calculated Gamble+1","Footwork","Cloak And Dagger+1","Dagger Throw","Acrobatics+1"],"special_seed":0,"relics":["Ring of the Snake","Ninja Scroll","InkBottle","Meat on the Bone","Tiny House","Nunchaku","Ornamental Fan","Pantograph","Peace Pipe","Bottled Flame","Lizard Tail","White Beast Statue","Turnip","Juzu Bracelet","SacredBark","Darkstone Periapt","The Specimen","Bottled Lightning","Boot"],"potions_floor_usage":[55,55,55],"damage_taken":[{"damage":1.0,"enemies":"Cultist","floor":1.0,"turns":5.0},{"damage":0.0,"enemies":"2 Louse","floor":2.0,"turns":3.0},{"damage":0.0,"enemies":"Small Slimes","floor":3.0,"turns":4.0},{"damage":4.0,"enemies":"3 Louse","floor":5.0,"turns":3.0},{"damage":12.0,"enemies":"Gremlin Nob","floor":6.0,"turns":4.0},{"damage":0.0,"enemies":"Large Slime","floor":8.0,"turns":5.0},{"damage":3.0,"enemies":"3 Sentries","floor":10.0,"turns":12.0},{"damage":1.0,"enemies":"Lots of Slimes","floor":11.0,"turns":3.0},{"damage":0.0,"enemies":"Exordium Thugs","floor":12.0,"turns":4.0},{"damage":11.0,"enemies":"Large Slime","floor":14.0,"turns":5.0},{"damage":0.0,"enemies":"Hexaghost","floor":16.0,"turns":9.0},{"damage":3.0,"enemies":"Shell Parasite","floor":18.0,"turns":6.0},{"damage":0.0,"enemies":"2 Thieves","floor":21.0,"turns":4.0},{"damage":12.0,"enemies":"Snake Plant","floor":22.0,"turns":5.0},{"damage":0.0,"enemies":"Centurion and Healer","floor":24.0,"turns":6.0},{"damage":1.0,"enemies":"Cultist and Chosen","floor":25.0,"turns":6.0},{"damage":23.0,"enemies":"Colosseum Slavers","floor":28.0,"turns":5.0},{"damage":12.0,"enemies":"Colosseum Nobs","floor":28.0,"turns":5.0},{"damage":3.0,"enemies":"Book of Stabbing","floor":29.0,"turns":7.0},{"damage":6.0,"enemies":"Gremlin Leader","floor":31.0,"turns":6.0},{"damage":43.0,"enemies":"Champ","floor":33.0,"turns":14.0},{"damage":0.0,"enemies":"3 Shapes","floor":35.0,"turns":6.0},{"damage":1.0,"enemies":"Orb Walker","floor":38.0,"turns":2.0},{"damage":0.0,"enemies":"4 Shapes","floor":39.0,"turns":5.0},{"damage":46.0,"enemies":"Reptomancer","floor":40.0,"turns":8.0},{"damage":1.0,"enemies":"Transient","floor":42.0,"turns":5.0},{"damage":3.0,"enemies":"3 Darklings","floor":44.0,"turns":4.0},{"damage":0.0,"enemies":"4 Shapes","floor":46.0,"turns":4.0},{"damage":0.0,"enemies":"Giant Head","floor":48.0,"turns":7.0},{"damage":8.0,"enemies":"Awakened One","floor":50.0,"turns":20.0},{"damage":44.0,"enemies":"Shield and Spear","floor":54.0,"turns":12.0},{"damage":115,"enemies":"The Heart","floor":55,"turns":15}],"seed_played":"1369561508780496852","potions_obtained":[{"floor":1.0,"key":"BlessingOfTheForge"},{"floor":3.0,"key":"Regen Potion"},{"floor":8.0,"key":"Ancient Potion"},{"floor":10.0,"key":"LiquidBronze"},{"floor":16.0,"key":"BlessingOfTheForge"},{"floor":21.0,"key":"Dexterity Potion"},{"floor":31.0,"key":"Fire Potion"},{"floor":33.0,"key":"SneckoOil"},{"floor":35.0,"key":"LiquidBronze"},{"floor":38.0,"key":"SteroidPotion"},{"floor":40.0,"key":"Swift Potion"},{"floor":42.0,"key":"SpeedPotion"},{"floor":44.0,"key":"Weak Potion"},{"floor":54.0,"key":"DuplicationPotion"}],"is_trial":false,"path_per_floor":["M","M","M","?","M","E","R","M","T","E","M","M","?","M","R","B",null,"M","T","?","M","M","R","M","M","T","R","?","E","$","E","R","B",null,"M","?","?","M","M","E","R","M","T","M","T","M","R","E","R","B",null,"R","$","E","B"],"character_chosen":"THE_SILENT","items_purchased":["White Beast Statue","BlessingOfTheForge","Turnip","Dagger Throw"],"campfire_rested":0,"item_purchase_floors":[30,30,30,53],"current_hp_per_floor":[62,62,62,67,63,51,51,51,51,48,47,47,41,42,42,42,73,70,70,70,70,58,58,58,57,57,57,46,43,43,37,37,31,73,73,73,73,72,72,38,38,37,37,46,46,46,46,46,46,63,73,73,73,41,0],"gold":121,"neow_bonus":"THREE_RARE_CARDS","is_prod":false,"is_daily":false,"chose_seed":false,"campfire_upgraded":6,"win_rate":0,"timestamp":1711402810,"path_taken":["M","?","M","?","M","E","R","M","T","E","M","M","?","M","R","BOSS","M","?","?","M","M","R","M","M","T","R","?","E","$","E","R","BOSS","M","?","?","M","M","E","R","M","T","M","?","M","R","E","R","BOSS","R","$","E","BOSS"],"build_version":"2022-12-18","purchased_purges":2,"victory":false,"max_hp_per_floor":[63,63,63,68,68,68,68,68,68,68,68,68,68,68,68,68,73,73,73,73,73,73,73,73,73,73,73,73,73,73,73,73,73,73,73,73,73,73,73,73,73,73,73,73,73,73,73,73,73,73,73,73,73,73,73],"card_choices":[{"not_picked":["Doppelganger","Grand Finale"],"picked":"Malaise","floor":0.0},{"not_picked":["Accuracy","Bane"],"picked":"Quick Slash","floor":1.0},{"not_picked":["Dodge and Roll","Accuracy"],"picked":"Crippling Poison","floor":2.0},{"not_picked":["Quick Slash","Tactician"],"picked":"Blur","floor":3.0},{"not_picked":["Caltrops","Setup"],"picked":"Dagger Throw","floor":5.0},{"not_picked":["Die Die Die","Prepared"],"picked":"Masterful Stab","floor":6.0},{"not_picked":["PiercingWail","Bane"],"picked":"Tactician","floor":8.0},{"not_picked":["Bullet Time","Blade Dance"],"picked":"Backflip","floor":10.0},{"not_picked":["Dagger Spray","Masterful Stab"],"picked":"Deadly Poison","floor":11.0},{"not_picked":["Dash","Blur"],"picked":"Terror","floor":12.0},{"not_picked":["Expertise","Outmaneuver"],"picked":"PiercingWail","floor":14.0},{"not_picked":["Night Terror","Grand Finale"],"picked":"Adrenaline","floor":16.0},{"not_picked":["Deadly Poison","Escape Plan"],"picked":"Bane","floor":18.0},{"not_picked":["Poisoned Stab","Choke"],"picked":"Prepared","floor":21.0},{"not_picked":["Dodge and Roll","Catalyst"],"picked":"Well Laid Plans+1","floor":22.0},{"not_picked":["Predator","Footwork"],"picked":"Eviscerate","floor":24.0},{"not_picked":["Setup+1","Sucker Punch","Quick Slash+1"],"picked":"SKIP","floor":25.0},{"not_picked":["All Out Attack","Concentrate"],"picked":"Backflip","floor":28.0},{"not_picked":["Endless Agony","Caltrops"],"picked":"Flying Knee+1","floor":29.0},{"not_picked":["Sucker Punch+1","Flying Knee"],"picked":"Blade Dance+1","floor":31.0},{"not_picked":["Wraith Form v2","Envenom"],"picked":"After Image","floor":33.0},{"not_picked":["Predator","Dagger Spray","Bane+1"],"picked":"SKIP","floor":35.0},{"not_picked":["Dagger Spray","Bane+1"],"picked":"Predator","floor":35.0},{"not_picked":["Dagger Spray","Poisoned Stab"],"picked":"Underhanded Strike+1","floor":38.0},{"not_picked":["Dagger Throw","Endless Agony"],"picked":"Footwork","floor":39.0},{"not_picked":["Distraction","Corpse Explosion"],"picked":"Acrobatics+1","floor":40.0},{"not_picked":["Riddle With Holes+1","Dagger Throw"],"picked":"Calculated Gamble","floor":42.0},{"not_picked":["Predator","PiercingWail"],"picked":"Footwork","floor":44.0},{"not_picked":["Footwork+1","Deflect+1"],"picked":"Cloak And Dagger+1","floor":46.0},{"not_picked":["Noxious Fumes+1","Dagger Throw+1","Underhanded Strike+1"],"picked":"SKIP","floor":48.0},{"not_picked":["Heel Hook","Concentrate"],"picked":"Acrobatics+1","floor":54.0}],"player_experience":1046365,"relics_obtained":[{"floor":6.0,"key":"Ninja Scroll"},{"floor":9.0,"key":"InkBottle"},{"floor":10.0,"key":"Meat on the Bone"},{"floor":19.0,"key":"Nunchaku"},{"floor":26.0,"key":"Pantograph"},{"floor":28.0,"key":"Peace Pipe"},{"floor":28.0,"key":"Bottled Flame"},{"floor":29.0,"key":"Lizard Tail"},{"floor":31.0,"key":"Juzu Bracelet"},{"floor":40.0,"key":"Darkstone Periapt"},{"floor":45.0,"key":"The Specimen"},{"floor":48.0,"key":"Bottled Lightning"},{"floor":54.0,"key":"Boot"}],"event_choices":[{"damage_healed":0.0,"max_hp_gain":5.0,"max_hp_loss":0.0,"gold_gain":0.0,"event_name":"Big Fish","player_choice":"Donut","floor":4.0,"gold_loss":0.0,"damage_taken":0.0},{"damage_healed":0.0,"max_hp_gain":0.0,"max_hp_loss":0.0,"gold_gain":75.0,"event_name":"FaceTrader","player_choice":"Touch","floor":13.0,"gold_loss":0.0,"damage_taken":6.0},{"damage_healed":0.0,"max_hp_gain":0.0,"max_hp_loss":0.0,"gold_gain":0.0,"event_name":"The Mausoleum","player_choice":"Opened","floor":20.0,"gold_loss":0.0,"damage_taken":0.0,"relics_obtained":["Ornamental Fan"]},{"damage_healed":0.0,"max_hp_gain":0.0,"max_hp_loss":0.0,"gold_gain":0.0,"event_name":"Colosseum","player_choice":"Fight","floor":28.0,"gold_loss":0.0,"damage_taken":0.0},{"damage_healed":0.0,"max_hp_gain":0.0,"max_hp_loss":0.0,"gold_gain":0.0,"event_name":"Colosseum","player_choice":"Fought Nobs","floor":28.0,"gold_loss":0.0,"damage_taken":0.0},{"cards_removed":["Strike_G"],"damage_healed":0.0,"max_hp_gain":0.0,"max_hp_loss":0.0,"gold_gain":0.0,"event_name":"Designer","player_choice":"Upgrade and Remove","floor":36.0,"gold_loss":90.0,"damage_taken":0.0,"cards_upgraded":["Deadly Poison"]},{"cards_removed":["Defend_G"],"damage_healed":0.0,"max_hp_gain":0.0,"max_hp_loss":0.0,"gold_gain":0.0,"event_name":"Bonfire Elementals","player_choice":"Offered Basic","floor":37.0,"gold_loss":0.0,"damage_taken":0.0}],"is_beta":false,"boss_relics":[{"not_picked":["Busted Crown","Velvet Choker"],"picked":"Tiny House"},{"not_picked":["Philosopher\u0027s Stone","Ring of the Serpent"],"picked":"SacredBark"}],"items_purged_floors":[30,53],"is_endless":false,"potions_floor_spawned":[1,3,8,10,16,21,22,25,28,31,33,35,38,39,40,42,44,46,48,54],"killed_by":"The Heart","ascension_level":1}