{"gold_per_floor":[110,123,137,137,137,137,166,166,166,186,219,230,248,263,263,359,359,372,391,218,218,317,317,342,342,342,342,377,391,391,406,406,504,504,518,532,532,114,123,123,167,167,213,247,247,259,282,313,313,313],"floor_reached":51,"playtime":2794,"items_purged":["Bouncing Flask+1","Writhe"],"score":886,"play_id":"749d5bbd-8162-4bb2-b69f-5a76e1d190e1","local_time":"20240330182642","is_ascension_mode":true,"campfire_choices":[{"floor":6.0,"key":"REST"},{"data":"Concentrate","floor":8.0,"key":"SMITH"},{"data":"Footwork","floor":15.0,"key":"SMITH"},{"floor":23,"key":"REST"},{"floor":25,"key":"REST"},{"floor":27,"key":"DIG"},{"data":"Well Laid Plans","floor":32,"key":"SMITH"},{"data":"Burst","floor":40,"key":"SMITH"},{"floor":42,"key":"DIG"},{"floor":45,"key":"DIG"},{"floor":49,"key":"REST"}],"neow_cost":"PERCENT_DAMAGE","seed_source_timestamp":86088619052400,"circlet_count":0,"master_deck":["Strike_G+1","Defend_G+1","Defend_G+1","Defend_G+1","Survivor","Neutralize","Concentrate+1","Storm of Steel+1","Flechettes","Accuracy+1","Blade Dance","Underhanded Strike","Caltrops","Accuracy","Footwork+1","After Image","Calculated Gamble+1","Tactician+1","Dodge and Roll+1","Acrobatics","Acrobatics","PiercingWail+1","Adrenaline","Footwork+1","Well Laid Plans+1","Burst+1","CurseOfTheBell","Footwork","Well Laid Plans","Terror+1","Blade Dance"],"special_seed":0,"relics":["Ring of the Snake","Lizard Tail","WingedGreaves","Mummified Hand","Astrolabe","Eternal Feather","Vajra","Shovel","Lantern","Shuriken","Calling Bell","CeramicFish","Pear","Pocketwatch","Medical Kit","Bronze Scales","Ancient Tea Set","Bottled Flame","Strawberry","Kunai","Calipers"],"potions_floor_usage":[18,19,24,33,36,44,46],"damage_taken":[{"damage":4.0,"enemies":"Cultist","floor":1.0,"turns":3.0},{"damage":0.0,"enemies":"Small Slimes","floor":2.0,"turns":3.0},{"damage":7.0,"enemies":"Jaw Worm","floor":3.0,"turns":4.0},{"damage":9.0,"enemies":"3 Sentries","floor":7.0,"turns":5.0},{"damage":2.0,"enemies":"Red Slaver","floor":10.0,"turns":4.0},{"damage":0.0,"enemies":"Gremlin Nob","floor":11.0,"turns":2.0},{"damage":0.0,"enemies":"Large Slime","floor":12.0,"turns":3.0},{"damage":0.0,"enemies":"Blue Slaver","floor":13.0,"turns":2.0},{"damage":0.0,"enemies":"3 Louse","floor":14.0,"turns":4.0},{"damage":16.0,"enemies":"Hexaghost","floor":16.0,"turns":8.0},{"damage":19,"enemies":"2 Thieves","floor":18,"turns":2},{"damage":28,"enemies":"Chosen","floor":19,"turns":4},{"damage":43,"enemies":"Slavers","floor":24,"turns":6},{"damage":9,"enemies":"Book of Stabbing","floor":28,"turns":5},{"damage":1,"enemies":"Snake Plant","floor":29,"turns":4},{"damage":3,"enemies":"Snecko","floor":31,"turns":7},{"damage":1,"enemies":"Champ","floor":33,"turns":8},{"damage":13,"enemies":"3 Shapes","floor":35,"turns":6},{"damage":8,"enemies":"3 Darklings","floor":36,"turns":4},{"damage":7,"enemies":"Nemesis","floor":41,"turns":5},{"damage":11,"enemies":"Giant Head","floor":44,"turns":6},{"damage":33,"enemies":"Jaw Worm Horde","floor":46,"turns":4},{"damage":0,"enemies":"4 Shapes","floor":47,"turns":5},{"damage":20,"enemies":"Nemesis","floor":48,"turns":5},{"damage":39,"enemies":"Donu and Deca","floor":50,"turns":11}],"seed_played":"-2364603343886086600","potions_obtained":[{"floor":3.0,"key":"AttackPotion"},{"floor":11.0,"key":"FearPotion"},{"floor":16.0,"key":"ColorlessPotion"},{"floor":24,"key":"LiquidMemories"},{"floor":28,"key":"Poison Potion"},{"floor":31,"key":"LiquidBronze"},{"floor":33,"key":"Swift Potion"},{"floor":41,"key":"Ancient Potion"},{"floor":44,"key":"PowerPotion"}],"is_trial":false,"path_per_floor":["M","M","M","?","?","R","E","R","T","M","E","M","M","M","R","B",null,"M","M","$","?","?","R","E","R","T","R","E","M","?","M","R","B",null,"M","M","?","$","?","R","E","R","T","E","R","M","M","E","R","B",null],"character_chosen":"THE_SILENT","items_purchased":["Acrobatics","Swift Potion","Medical Kit","Bronze Scales","Footwork"],"campfire_rested":4,"item_purchase_floors":[20,20,38,38,38],"current_hp_per_floor":[45,45,38,24,24,45,36,36,36,34,34,34,34,34,34,18,70,51,23,23,23,23,56,13,46,46,58,49,48,48,45,60,59,80,67,59,54,54,54,69,62,80,80,76,87,54,54,34,78,39],"gold":313,"neow_bonus":"TRANSFORM_TWO_CARDS","is_prod":false,"is_daily":false,"chose_seed":false,"campfire_upgraded":4,"win_rate":0,"timestamp":1711848402,"path_taken":["M","M","?","?","?","R","E","R","T","M","E","?","M","M","R","BOSS","M","M","$","?","?","R","E","R","T","R","E","M","?","M","R","BOSS","M","M","?","$","?","R","E","R","T","E","R","?","M","E","R","BOSS"],"build_version":"2022-12-18","purchased_purges":2,"victory":true,"max_hp_per_floor":[70,70,70,70,70,70,70,70,70,70,70,70,70,70,70,70,70,70,70,70,70,70,70,70,70,70,70,70,70,70,70,70,70,80,80,80,80,80,80,80,80,80,80,87,87,87,87,87,87,87],"card_choices":[{"not_picked":["Quick Slash","Flechettes","Sucker Punch"],"picked":"SKIP","floor":1.0},{"not_picked":["Quick Slash","Sucker Punch"],"picked":"Flechettes","floor":1.0},{"not_picked":["Masterful Stab","Reflex"],"picked":"Accuracy","floor":2.0},{"not_picked":["Slice","Bane"],"picked":"Blade Dance","floor":3.0},{"not_picked":["Grand Finale","Dash"],"picked":"Underhanded Strike","floor":7.0},{"not_picked":["Deflect","Dagger Throw"],"picked":"Caltrops","floor":10.0},{"not_picked":["Dagger Spray","Sucker Punch","Prepared"],"picked":"SKIP","floor":11.0},{"not_picked":["Tactician","Deadly Poison"],"picked":"Accuracy","floor":12.0},{"not_picked":["Poisoned Stab","Tactician"],"picked":"Footwork","floor":13.0},{"not_picked":["Finisher","Dagger Throw","Underhanded Strike"],"picked":"SKIP","floor":14.0},{"not_picked":["Grand Finale","Storm of Steel"],"picked":"After Image","floor":16.0},{"not_picked":["Dagger Spray","Backstab"],"picked":"Dodge and Roll+1","floor":18},{"not_picked":["Dagger Throw+1","Dash"],"picked":"Acrobatics","floor":19},{"not_picked":["Bane","Deadly Poison"],"picked":"PiercingWail+1","floor":24},{"not_picked":["Eviscerate","Reflex"],"picked":"Adrenaline","floor":28},{"not_picked":["Distraction","Infinite Blades"],"picked":"Footwork+1","floor":29},{"not_picked":["Outmaneuver","Dodge and Roll"],"picked":"Well Laid Plans","floor":31},{"not_picked":["Bullet Time","Corpse Explosion"],"picked":"Burst","floor":33},{"not_picked":["Underhanded Strike","Poisoned Stab","Caltrops"],"picked":"SKIP","floor":35},{"not_picked":["Masterful Stab+1","Heel Hook","Poisoned Stab+1"],"picked":"SKIP","floor":36},{"not_picked":["Caltrops","Cloak And Dagger+1"],"picked":"Terror+1","floor":41},{"not_picked":["Caltrops+1","Deadly Poison","Eviscerate+1"],"picked":"SKIP","floor":44},{"not_picked":["Masterful Stab+1","Dodge and Roll+1","Skewer+1"],"picked":"SKIP","floor":46},{"not_picked":["Well Laid Plans","Choke"],"picked":"Blade Dance","floor":47},{"not_picked":["Blade Dance+1","Expertise","Distraction+1"],"picked":"SKIP","floor":48}],"player_experience":1062575,"relics_obtained":[{"floor":7.0,"key":"Lizard Tail"},{"floor":9.0,"key":"WingedGreaves"},{"floor":11.0,"key":"Mummified Hand"},{"floor":24,"key":"Vajra"},{"floor":26,"key":"Shovel"},{"floor":27,"key":"Lantern"},{"floor":28,"key":"Shuriken"},{"floor":34,"key":"CeramicFish"},{"floor":34,"key":"Pear"},{"floor":34,"key":"Pocketwatch"},{"floor":41,"key":"Ancient Tea Set"},{"floor":42,"key":"Bottled Flame"},{"floor":44,"key":"Strawberry"},{"floor":45,"key":"Kunai"},{"floor":48,"key":"Calipers"}],"event_choices":[{"damage_healed":0.0,"max_hp_gain":0.0,"max_hp_loss":0.0,"gold_gain":0.0,"event_name":"Shining Light","player_choice":"Entered Light","floor":4.0,"gold_loss":0.0,"damage_taken":14.0,"cards_upgraded":["Strike_G","Accuracy"]},{"damage_healed":0.0,"max_hp_gain":0.0,"max_hp_loss":0.0,"gold_gain":0.0,"event_name":"Upgrade Shrine","player_choice":"Upgraded","floor":5.0,"gold_loss":0.0,"damage_taken":0.0,"cards_upgraded":["Storm of Steel"]},{"damage_healed":0,"gold_gain":0,"player_choice":"Opened","damage_taken":0,"relics_obtained":["Eternal Feather"],"max_hp_gain":0,"max_hp_loss":0,"event_name":"The Mausoleum","floor":21,"gold_loss":0,"cards_obtained":["Writhe"]},{"damage_healed":0,"gold_gain":99,"player_choice":"Stole From Cult","damage_taken":0,"max_hp_gain":0,"max_hp_loss":0,"event_name":"Nest","floor":22,"gold_loss":0},{"damage_healed":0,"gold_gain":0,"player_choice":"Simplicity","damage_taken":0,"max_hp_gain":0,"max_hp_loss":0,"event_name":"Back to Basics","floor":30,"gold_loss":0,"cards_upgraded":["Strike_G","Defend_G","Defend_G","Defend_G"]},{"damage_healed":0,"gold_gain":0,"player_choice":"Memory 2","damage_taken":5,"max_hp_gain":0,"max_hp_loss":0,"event_name":"SensoryStone","floor":37,"gold_loss":0},{"damage_healed":0,"gold_gain":0,"cards_transformed":["Strike_G"],"player_choice":"Transformed","damage_taken":0,"max_hp_gain":0,"max_hp_loss":0,"event_name":"Transmorgrifier","floor":39,"gold_loss":0,"cards_obtained":["Well Laid Plans"]}],"is_beta":false,"boss_relics":[{"not_picked":["Fusion Hammer","SacredBark"],"picked":"Astrolabe"},{"not_picked":["Coffee Dripper","Runic Pyramid"],"picked":"Calling Bell"}],"items_purged_floors":[20,38],"is_endless":false,"potions_floor_spawned":[3,11,16,24,28,31,33,41,44],"ascension_level":2}