{"gold_per_floor":[210,210,222,240,240,240,256,274,274,308,47,60,393,411,411,516,516,531,446,446,446,458,458,487,487,514,514,541,466,355,370,370,474,474,494,218,268,268,283,317,180,180,260,260,291,203,219,254,254,254,254,254,5,34,34],"floor_reached":56,"playtime":3689,"items_purged":["Defend_G","Defend_G","Well Laid Plans+1","Bite","Defend_G","Noxious Fumes"],"score":1358,"play_id":"64edc3e6-dc1d-4933-ac0d-547621d773d5","local_time":"20240325205955","is_ascension_mode":true,"campfire_choices":[{"data":"Noxious Fumes","floor":6.0,"key":"SMITH"},{"data":"After Image","floor":15.0,"key":"SMITH"},{"data":"Envenom","floor":23.0,"key":"SMITH"},{"data":"Well Laid Plans","floor":25.0,"key":"SMITH"},{"floor":32.0,"key":"REST"},{"data":"Footwork","floor":42.0,"key":"SMITH"},{"floor":49.0,"key":"RECALL"},{"data":"Neutralize","floor":52.0,"key":"SMITH"}],"neow_cost":"NONE","seed_source_timestamp":874161836320000,"circlet_count":0,"master_deck":["Defend_G","Defend_G","Survivor+1","Neutralize+1","Noxious Fumes+1","Bane","Backflip+1","Predator+1","After Image+1","Glass Knife+1","Blade Dance+1","Cloak And Dagger+1","Envenom+1","Deflect+1","Terror+1","Bite","Bite","Backflip+1","Storm of Steel+1","Prepared+1","Prepared+1","Footwork+1","Outmaneuver+1","Deflect+1","Escape Plan+1"],"special_seed":0,"relics":["Ring of the Serpent","Tingsha","Toxic Egg 2","Membership Card","Old Coin","Calipers","Whetstone","Nunchaku","Vajra","Runic Pyramid","Medical Kit","Potion Belt","Gambling Chip","Lizard Tail","Singing Bowl","War Paint","InkBottle","Snake Skull"],"potions_floor_usage":[54,55,55],"damage_taken":[{"damage":0.0,"enemies":"2 Louse","floor":1.0,"turns":3.0},{"damage":2.0,"enemies":"Cultist","floor":3.0,"turns":4.0},{"damage":0.0,"enemies":"Small Slimes","floor":4.0,"turns":3.0},{"damage":0.0,"enemies":"2 Fungi Beasts","floor":7.0,"turns":3.0},{"damage":1.0,"enemies":"Exordium Wildlife","floor":8.0,"turns":4.0},{"damage":15.0,"enemies":"Gremlin Nob","floor":10.0,"turns":4.0},{"damage":0.0,"enemies":"Blue Slaver","floor":12.0,"turns":5.0},{"damage":2.0,"enemies":"Lagavulin","floor":13.0,"turns":7.0},{"damage":8.0,"enemies":"Looter","floor":14.0,"turns":3.0},{"damage":3.0,"enemies":"Hexaghost","floor":16.0,"turns":8.0},{"damage":1.0,"enemies":"3 Byrds","floor":18.0,"turns":5.0},{"damage":0.0,"enemies":"Chosen","floor":22.0,"turns":4.0},{"damage":10.0,"enemies":"Book of Stabbing","floor":24.0,"turns":6.0},{"damage":39.0,"enemies":"Gremlin Leader","floor":28.0,"turns":6.0},{"damage":7.0,"enemies":"Snecko","floor":31.0,"turns":4.0},{"damage":1.0,"enemies":"Champ","floor":33.0,"turns":9.0},{"damage":4.0,"enemies":"Orb Walker","floor":35.0,"turns":3.0},{"damage":0.0,"enemies":"Mind Bloom Boss Battle","floor":37.0,"turns":3.0},{"damage":4.0,"enemies":"3 Darklings","floor":39.0,"turns":5.0},{"damage":2.0,"enemies":"Nemesis","floor":40.0,"turns":5.0},{"damage":0.0,"enemies":"Reptomancer","floor":45.0,"turns":5.0},{"damage":1.0,"enemies":"Maw","floor":47.0,"turns":6.0},{"damage":0.0,"enemies":"Giant Head","floor":48.0,"turns":5.0},{"damage":13.0,"enemies":"Awakened One","floor":50.0,"turns":13.0},{"damage":16,"enemies":"Shield and Spear","floor":54,"turns":9},{"damage":55,"enemies":"The Heart","floor":55,"turns":9}],"seed_played":"-5496569529287825636","potions_obtained":[{"floor":7.0,"key":"BlessingOfTheForge"},{"floor":10.0,"key":"CultistPotion"},{"floor":12.0,"key":"Block Potion"},{"floor":13.0,"key":"PowerPotion"},{"floor":18.0,"key":"Weak Potion"},{"floor":24.0,"key":"Block Potion"},{"floor":35.0,"key":"LiquidMemories"},{"floor":40.0,"key":"LiquidBronze"}],"is_trial":false,"path_per_floor":["M","?","M","M","?","R","M","M","T","E","$","M","E","M","R","B",null,"M","?","?","?","M","R","E","R","T","?","E","?","$","M","R","B",null,"M","$","?","?","M","E","$","R","T","?","E","$","M","E","R","B",null,"R","$","E","B",null],"character_chosen":"THE_SILENT","items_purchased":["Membership Card","After Image","Noxious Fumes","Backflip+1","Medical Kit","Prepared+1","Potion Belt","FairyPotion","Footwork","Outmaneuver+1","InkBottle","Deflect+1"],"campfire_rested":1,"item_purchase_floors":[11,11,30,30,36,36,36,36,41,41,53,53],"current_hp_per_floor":[70,56,54,54,54,54,54,53,53,38,38,38,36,28,28,25,70,69,69,69,69,70,70,60,60,60,60,33,33,33,30,51,68,70,68,68,70,70,70,70,70,70,70,70,72,72,74,76,76,75,76,76,76,74,29],"gold":34,"neow_bonus":"HUNDRED_GOLD","is_prod":false,"is_daily":false,"chose_seed":false,"campfire_upgraded":6,"win_rate":0,"timestamp":1711425595,"path_taken":["M","?","M","M","?","R","M","?","T","E","$","M","E","M","R","BOSS","BOSS","M","?","?","?","M","R","E","R","T","?","E","?","$","M","R","BOSS","M","$","?","?","M","E","$","R","T","?","E","$","M","E","R","BOSS","R","$","E","BOSS"],"build_version":"2022-12-18","purchased_purges":6,"victory":true,"max_hp_per_floor":[70,70,70,70,70,70,70,70,70,70,70,70,70,70,70,70,70,70,70,70,70,70,70,70,70,70,70,70,70,70,70,70,70,70,70,70,70,70,70,70,70,70,70,70,72,72,74,76,76,76,76,76,76,76,76],"card_choices":[{"not_picked":["Dagger Throw","Slice"],"picked":"Noxious Fumes","floor":1.0},{"not_picked":["Infinite Blades","Poisoned Stab"],"picked":"Bane","floor":3.0},{"not_picked":["Endless Agony","Sucker Punch"],"picked":"Backflip","floor":4.0},{"not_picked":["Backflip","Crippling Poison"],"picked":"Well Laid Plans","floor":7.0},{"not_picked":["Prepared","Masterful Stab"],"picked":"Predator","floor":8.0},{"not_picked":["Flying Knee","Quick Slash","Backstab"],"picked":"SKIP","floor":10.0},{"not_picked":["Flying Knee","Sucker Punch"],"picked":"Glass Knife","floor":12.0},{"not_picked":["Dagger Spray","Backflip+1"],"picked":"Blade Dance+1","floor":13.0},{"not_picked":["Blade Dance+1","Deadly Poison+1"],"picked":"Cloak And Dagger+1","floor":14.0},{"not_picked":["Burst+1","Glass Knife"],"picked":"Envenom","floor":16.0},{"not_picked":["Dagger Spray","PiercingWail+1"],"picked":"Deflect+1","floor":18.0},{"not_picked":["Flying Knee","Well Laid Plans"],"picked":"Terror+1","floor":22.0},{"not_picked":["Heel Hook","Masterful Stab","Expertise+1"],"picked":"SKIP","floor":24.0},{"not_picked":["Heel Hook","Masterful Stab","Expertise+1"],"picked":"SKIP","floor":24.0},{"not_picked":["Leg Sweep+1","Cloak And Dagger+1","Sucker Punch+1"],"picked":"SKIP","floor":28.0},{"not_picked":["Unload","Eviscerate","Backflip+1"],"picked":"SKIP","floor":31.0},{"not_picked":["Bullet Time+1","After Image"],"picked":"Storm of Steel+1","floor":33.0},{"not_picked":["Underhanded Strike+1","Acrobatics+1","Flying Knee+1"],"picked":"SKIP","floor":35.0},{"not_picked":["Flying Knee","Wraith Form v2"],"picked":"Prepared+1","floor":39.0},{"not_picked":["Bouncing Flask+1","All Out Attack+1","Backstab+1"],"picked":"SKIP","floor":40.0},{"not_picked":["Cloak And Dagger+1","Poisoned Stab+1","Slice+1"],"picked":"Singing Bowl","floor":45.0},{"not_picked":["Deflect+1","Bane","All Out Attack+1"],"picked":"Singing Bowl","floor":47.0},{"not_picked":["Quick Slash","Flying Knee","Dagger Spray"],"picked":"Singing Bowl","floor":48.0},{"not_picked":["Eviscerate","Reflex+1"],"picked":"Escape Plan+1","floor":54}],"player_experience":1054825,"relics_obtained":[{"floor":9.0,"key":"Tingsha"},{"floor":10.0,"key":"Toxic Egg 2"},{"floor":13.0,"key":"Old Coin"},{"floor":24.0,"key":"Whetstone"},{"floor":26.0,"key":"Nunchaku"},{"floor":28.0,"key":"Vajra"},{"floor":37.0,"key":"Gambling Chip"},{"floor":40.0,"key":"Lizard Tail"},{"floor":45.0,"key":"Singing Bowl"},{"floor":48.0,"key":"War Paint"},{"floor":54,"key":"Snake Skull"}],"event_choices":[{"damage_healed":0.0,"max_hp_gain":0.0,"max_hp_loss":0.0,"gold_gain":0.0,"event_name":"Shining Light","player_choice":"Entered Light","floor":2.0,"gold_loss":0.0,"damage_taken":14.0,"cards_upgraded":["Strike_G","Strike_G"]},{"cards_removed":["Strike_G"],"damage_healed":0.0,"max_hp_gain":0.0,"max_hp_loss":0.0,"gold_gain":0.0,"event_name":"Bonfire Elementals","player_choice":"Offered Basic","floor":5.0,"gold_loss":0.0,"damage_taken":0.0},{"damage_healed":0.0,"max_hp_gain":0.0,"max_hp_loss":0.0,"gold_gain":0.0,"event_name":"Addict","player_choice":"Obtained Relic","floor":19.0,"gold_loss":85.0,"damage_taken":0.0,"relics_obtained":["Blood Vial"]},{"damage_healed":0.0,"max_hp_gain":0.0,"max_hp_loss":0.0,"gold_gain":0.0,"event_name":"Cursed Tome","player_choice":"Ignored","floor":20.0,"gold_loss":0.0,"damage_taken":0.0},{"damage_healed":0.0,"max_hp_gain":0.0,"max_hp_loss":0.0,"gold_gain":0.0,"event_name":"The Mausoleum","player_choice":"Opened","floor":21.0,"gold_loss":0.0,"damage_taken":0.0,"relics_obtained":["Calipers"]},{"damage_healed":0.0,"max_hp_gain":0.0,"max_hp_loss":0.0,"gold_gain":0.0,"event_name":"Vampires","player_choice":"Became a vampire (Vial)","floor":27.0,"relics_lost":["Blood Vial"],"gold_loss":0.0,"damage_taken":0.0,"cards_obtained":["Bite","Bite","Bite","Bite","Bite"]},{"cards_removed":["Bite"],"damage_healed":0.0,"max_hp_gain":0.0,"max_hp_loss":0.0,"gold_gain":0.0,"event_name":"Beggar","player_choice":"Gave Gold","floor":29.0,"gold_loss":75.0,"damage_taken":0.0},{"damage_healed":0.0,"max_hp_gain":0.0,"max_hp_loss":0.0,"gold_gain":0.0,"event_name":"MindBloom","player_choice":"Fight","floor":37.0,"gold_loss":0.0,"damage_taken":0.0},{"damage_healed":0.0,"max_hp_gain":0.0,"max_hp_loss":0.0,"gold_gain":0.0,"event_name":"Tomb of Lord Red Mask","player_choice":"Ignored","floor":38.0,"gold_loss":0.0,"damage_taken":0.0},{"cards_removed":["Bite"],"damage_healed":0.0,"max_hp_gain":0.0,"max_hp_loss":0.0,"gold_gain":0.0,"event_name":"Falling","player_choice":"Removed Attack","floor":44.0,"gold_loss":0.0,"damage_taken":0.0}],"is_beta":false,"boss_relics":[{"not_picked":["Runic Dome","Busted Crown"],"picked":"Ring of the Serpent"},{"not_picked":["Tiny House","Black Star"],"picked":"Runic Pyramid"}],"items_purged_floors":[11,30,36,41,46,53],"is_endless":false,"potions_floor_spawned":[7,10,12,13,14,18,24,35,40,47],"ascension_level":1}