{"gold_per_floor":[114,114,124,136,154,154,185,185,209,243,257,286,286,300,300,405,405,420,18,18,31,31,31,48,48,72,72,83,118,133,95,95,95],"floor_reached":33,"playtime":1570,"items_purged":["Strike_G"],"score":343,"play_id":"f1d56b43-ec4b-4945-be8b-bd2d35687010","local_time":"20240401135907","is_ascension_mode":true,"campfire_choices":[{"data":"Blade Dance","floor":6.0,"key":"SMITH"},{"data":"Leg Sweep","floor":8.0,"key":"SMITH"},{"data":"Blade Dance","floor":15.0,"key":"SMITH"},{"data":"J.A.X.","floor":23.0,"key":"SMITH"},{"data":"Neutralize","floor":25.0,"key":"SMITH"},{"data":"Night Terror","floor":32,"key":"SMITH"}],"neow_cost":"NONE","seed_source_timestamp":1455943093685000,"circlet_count":0,"master_deck":["Strike_G+1","Strike_G+1","Strike_G+1","Strike_G+1","Defend_G+1","Defend_G+1","Defend_G+1","Defend_G+1","Survivor","Neutralize+1","Dramatic Entrance","Leg Sweep+1","Endless Agony","Blade Dance+1","Blade Dance+1","Flying Knee","Backflip","A Thousand Cuts","CurseOfTheBell","Sadistic Nature","Sadistic Nature","J.A.X.+1","Acrobatics+1","Deadly Poison+1","Calculated Gamble+1","Night Terror+1","Accuracy"],"special_seed":0,"relics":["Ring of the Snake","Lantern","Centennial Puzzle","PreservedInsect","MealTicket","Calling Bell","Anchor","Pear","WingedGreaves","DollysMirror","Omamori","Shuriken"],"potions_floor_usage":[33,33],"damage_taken":[{"damage":0.0,"enemies":"Small Slimes","floor":1.0,"turns":2.0},{"damage":0.0,"enemies":"Cultist","floor":3.0,"turns":5.0},{"damage":0.0,"enemies":"Jaw Worm","floor":4.0,"turns":4.0},{"damage":0.0,"enemies":"Red Slaver","floor":5.0,"turns":4.0},{"damage":10.0,"enemies":"Lagavulin","floor":7.0,"turns":6.0},{"damage":4.0,"enemies":"3 Sentries","floor":10.0,"turns":5.0},{"damage":0.0,"enemies":"Looter","floor":11.0,"turns":2.0},{"damage":0.0,"enemies":"Lagavulin","floor":12.0,"turns":2.0},{"damage":0.0,"enemies":"2 Fungi Beasts","floor":14.0,"turns":1.0},{"damage":29.0,"enemies":"Slime Boss","floor":16.0,"turns":11.0},{"damage":1.0,"enemies":"2 Thieves","floor":18.0,"turns":4.0},{"damage":11.0,"enemies":"Spheric Guardian","floor":21.0,"turns":8.0},{"damage":21.0,"enemies":"Cultist and Chosen","floor":24.0,"turns":7.0},{"damage":3.0,"enemies":"3 Cultists","floor":28.0,"turns":4.0},{"damage":2.0,"enemies":"Gremlin Leader","floor":29.0,"turns":4.0},{"damage":13.0,"enemies":"Snake Plant","floor":30.0,"turns":5.0},{"damage":60,"enemies":"Champ","floor":33,"turns":8}],"seed_played":"-8377523486996838597","potions_obtained":[{"floor":1.0,"key":"Strength Potion"},{"floor":3.0,"key":"Swift Potion"},{"floor":5.0,"key":"SteroidPotion"},{"floor":10.0,"key":"Fire Potion"},{"floor":18.0,"key":"Explosive Potion"},{"floor":29.0,"key":"Fire Potion"},{"floor":30.0,"key":"EssenceOfSteel"}],"is_trial":false,"path_per_floor":["M","?","M","M","M","R","E","R","T","E","M","E","?","M","R","B",null,"M","$","?","M","?","R","M","R","T","?","M","E","M","$","R","B"],"character_chosen":"THE_SILENT","items_purchased":["Sadistic Nature","DollysMirror","Accuracy"],"campfire_rested":0,"item_purchase_floors":[19,19,31],"current_hp_per_floor":[70,63,63,63,63,63,53,53,53,49,49,49,49,49,49,20,80,79,80,80,69,69,69,48,48,48,48,45,43,30,45,45,0],"gold":95,"neow_bonus":"RANDOM_COLORLESS","is_prod":false,"is_daily":false,"chose_seed":false,"campfire_upgraded":6,"win_rate":0,"timestamp":1712005147,"path_taken":["M","?","M","M","?","R","E","R","T","E","M","E","?","M","R","BOSS","M","$","?","M","?","R","M","R","T","?","M","E","?","?","R","BOSS"],"build_version":"2022-12-18","purchased_purges":1,"victory":false,"max_hp_per_floor":[70,70,70,70,70,70,70,70,70,70,70,70,70,70,70,70,80,80,80,80,80,80,80,80,80,80,80,80,80,80,80,80,80],"card_choices":[{"not_picked":["Forethought","Good Instincts"],"picked":"Dramatic Entrance","floor":0.0},{"not_picked":["Acrobatics","All Out Attack"],"picked":"Leg Sweep","floor":1.0},{"not_picked":["Tactician","PiercingWail"],"picked":"Endless Agony","floor":3.0},{"not_picked":["Masterful Stab","Prepared"],"picked":"Blade Dance","floor":4.0},{"not_picked":["Setup","Endless Agony"],"picked":"Blade Dance","floor":5.0},{"not_picked":["Grand Finale","Bane"],"picked":"Flying Knee","floor":7.0},{"not_picked":["Catalyst","Quick Slash"],"picked":"Backflip","floor":10.0},{"not_picked":["Noxious Fumes","Backflip","Crippling Poison"],"picked":"SKIP","floor":11.0},{"not_picked":["Noxious Fumes","Backflip","Crippling Poison"],"picked":"SKIP","floor":11.0},{"not_picked":["All Out Attack","Prepared","Skewer"],"picked":"SKIP","floor":12.0},{"not_picked":["All Out Attack","Prepared","Skewer"],"picked":"SKIP","floor":12.0},{"not_picked":["Outmaneuver","Dagger Throw","Slice"],"picked":"SKIP","floor":14.0},{"not_picked":["Storm of Steel","After Image"],"picked":"A Thousand Cuts","floor":16.0},{"not_picked":["Dagger Throw","Dagger Spray","Bane"],"picked":"SKIP","floor":18.0},{"not_picked":["Dodge and Roll","Underhanded Strike","Noxious Fumes"],"picked":"SKIP","floor":21.0},{"not_picked":["Sucker Punch","Distraction"],"picked":"Acrobatics+1","floor":24.0},{"not_picked":["Quick Slash+1","Concentrate"],"picked":"Deadly Poison+1","floor":28.0},{"not_picked":["Endless Agony+1","Quick Slash"],"picked":"Calculated Gamble+1","floor":29.0},{"not_picked":["Sucker Punch","Dagger Spray"],"picked":"Night Terror","floor":30.0}],"player_experience":1068609,"relics_obtained":[{"floor":7.0,"key":"Lantern"},{"floor":9.0,"key":"Centennial Puzzle"},{"floor":10.0,"key":"PreservedInsect"},{"floor":12.0,"key":"MealTicket"},{"floor":17.0,"key":"Anchor"},{"floor":17.0,"key":"Pear"},{"floor":17.0,"key":"WingedGreaves"},{"floor":26.0,"key":"Omamori"},{"floor":29.0,"key":"Shuriken"}],"event_choices":[{"damage_healed":0.0,"max_hp_gain":0.0,"max_hp_loss":0.0,"gold_gain":0.0,"event_name":"Wheel of Change","player_choice":"Damaged","floor":2.0,"gold_loss":0.0,"damage_taken":7.0},{"cards_removed":["Defend_G"],"damage_healed":0.0,"max_hp_gain":0.0,"max_hp_loss":0.0,"gold_gain":0.0,"event_name":"Wheel of Change","player_choice":"Card Removal","floor":13.0,"gold_loss":0.0,"damage_taken":0.0},{"damage_healed":0.0,"max_hp_gain":0.0,"max_hp_loss":0.0,"gold_gain":0.0,"event_name":"Ghosts","player_choice":"Ignored","floor":20.0,"gold_loss":0.0,"damage_taken":0.0},{"damage_healed":0.0,"max_hp_gain":0.0,"max_hp_loss":0.0,"gold_gain":0.0,"event_name":"Drug Dealer","player_choice":"Obtain J.A.X.","floor":22.0,"gold_loss":0.0,"damage_taken":0.0,"cards_obtained":["J.A.X."]},{"damage_healed":0.0,"max_hp_gain":0.0,"max_hp_loss":0.0,"gold_gain":0.0,"event_name":"Back to Basics","player_choice":"Simplicity","floor":27.0,"gold_loss":0.0,"damage_taken":0.0,"cards_upgraded":["Strike_G","Strike_G","Strike_G","Strike_G","Defend_G","Defend_G","Defend_G","Defend_G"]}],"is_beta":false,"boss_relics":[{"not_picked":["Black Star","Velvet Choker"],"picked":"Calling Bell"}],"items_purged_floors":[19],"is_endless":false,"potions_floor_spawned":[1,3,5,10,18,29,30],"killed_by":"Champ","ascension_level":2}