{"gold_per_floor":[14,114,124,143,43,43,73,73,149,149,190,190,190,225,225,354,354,322,336,43,58,58,58,74,118,145,145,145,166,184,225,225,356,356,372,17,32,88,102,138,138,172,172,196,232,232,252,252,252,252],"floor_reached":50,"playtime":3213,"items_purged":["Defend_G","Defend_G","Strike_G"],"score":749,"play_id":"5f55050d-94f0-474d-8064-3dcf7f1e9714","local_time":"20240414211355","is_ascension_mode":true,"campfire_choices":[{"data":"Skewer","floor":6.0,"key":"SMITH"},{"data":"Calculated Gamble","floor":8.0,"key":"SMITH"},{"floor":13.0,"key":"REST"},{"data":"Blade Dance","floor":15.0,"key":"SMITH"},{"data":"Burst","floor":23.0,"key":"SMITH"},{"data":"Doppelganger","floor":27.0,"key":"SMITH"},{"data":"Neutralize","floor":32.0,"key":"SMITH"},{"data":"Footwork","floor":41.0,"key":"SMITH"},{"floor":46,"key":"REST"},{"floor":49,"key":"RECALL"}],"neow_cost":"NO_GOLD","seed_source_timestamp":0,"circlet_count":0,"master_deck":["Strike_G","Strike_G","Defend_G","Defend_G","Defend_G","Survivor","Neutralize+1","Skewer+1","Calculated Gamble+1","Blade Dance+1","Cloak And Dagger","Dagger Spray","Doppelganger+1","Masterful Stab","Burst+1","PiercingWail","Blade Dance","Dodge and Roll","RitualDagger","Conserve Battery+1","Hyperbeam","Machine Learning","Footwork+1","Escape Plan+1","Impatience+1","Pommel Strike","Chrysalis","Thinking Ahead"],"special_seed":0,"relics":["Ring of the Snake","Torii","Vajra","Singing Bowl","Golden Idol","Mango","Shuriken","Empty Cage","PrismaticShard","Gambling Chip","Bronze Scales","Cursed Key","Medical Kit","FossilizedHelix","Potion Belt","Orichalcum"],"potions_floor_usage":[45,45],"damage_taken":[{"damage":0.0,"enemies":"2 Louse","floor":1.0,"turns":3.0},{"damage":1.0,"enemies":"Cultist","floor":3.0,"turns":3.0},{"damage":2.0,"enemies":"Jaw Worm","floor":4.0,"turns":6.0},{"damage":12.0,"enemies":"3 Sentries","floor":7.0,"turns":9.0},{"damage":22.0,"enemies":"Lagavulin","floor":11.0,"turns":7.0},{"damage":7.0,"enemies":"Gremlin Nob","floor":14.0,"turns":3.0},{"damage":16.0,"enemies":"The Guardian","floor":16.0,"turns":9.0},{"damage":3.0,"enemies":"2 Thieves","floor":18.0,"turns":5.0},{"damage":0.0,"enemies":"3 Byrds","floor":19.0,"turns":3.0},{"damage":0.0,"enemies":"Snake Plant","floor":21.0,"turns":4.0},{"damage":7.0,"enemies":"Shelled Parasite and Fungi","floor":24.0,"turns":5.0},{"damage":0.0,"enemies":"Gremlin Leader","floor":25.0,"turns":7.0},{"damage":0.0,"enemies":"Cultist and Chosen","floor":29.0,"turns":3.0},{"damage":0.0,"enemies":"Snecko","floor":30.0,"turns":3.0},{"damage":1.0,"enemies":"Slavers","floor":31.0,"turns":6.0},{"damage":51.0,"enemies":"Collector","floor":33.0,"turns":10.0},{"damage":0.0,"enemies":"3 Shapes","floor":35.0,"turns":2.0},{"damage":1.0,"enemies":"Orb Walker","floor":37.0,"turns":3.0},{"damage":30.0,"enemies":"2 Orb Walkers","floor":38.0,"turns":4.0},{"damage":0.0,"enemies":"Spire Growth","floor":39.0,"turns":5.0},{"damage":1.0,"enemies":"Reptomancer","floor":40.0,"turns":9.0},{"damage":6.0,"enemies":"Giant Head","floor":42.0,"turns":7.0},{"damage":0,"enemies":"Maw","floor":44,"turns":7},{"damage":16,"enemies":"Nemesis","floor":45,"turns":5},{"damage":0,"enemies":"Transient","floor":47,"turns":5},{"damage":116,"enemies":"Time Eater","floor":50,"turns":12}],"seed_played":"1171454912902180741","potions_obtained":[{"floor":1.0,"key":"Energy Potion"},{"floor":4.0,"key":"FairyPotion"},{"floor":11.0,"key":"ColorlessPotion"},{"floor":19.0,"key":"SkillPotion"},{"floor":21.0,"key":"DistilledChaos"},{"floor":24.0,"key":"FearPotion"},{"floor":30.0,"key":"Weak Potion"},{"floor":35.0,"key":"CultistPotion"},{"floor":38.0,"key":"FearPotion"},{"floor":39.0,"key":"Weak Potion"},{"floor":44,"key":"ColorlessPotion"},{"floor":47,"key":"Fire Potion"}],"is_trial":false,"path_per_floor":["M","?","M","M","$","R","E","R","T","?","E","?","R","E","R","B",null,"M","M","$","M","?","R","M","E","T","R","?","M","M","E","R","B",null,"M","$","M","?","M","E","R","E","T","M","E","R","M","?","R","B"],"character_chosen":"THE_SILENT","items_purchased":["Cloak And Dagger","PiercingWail","PrismaticShard","Footwork","Medical Kit"],"campfire_rested":2,"item_purchase_floors":[5,20,20,36,36],"current_hp_per_floor":[70,70,69,67,67,67,55,55,55,38,30,30,55,48,48,32,84,83,85,85,87,87,87,80,82,82,82,76,76,78,77,77,26,94,96,96,97,69,71,70,70,66,66,66,52,83,83,73,73,0],"gold":252,"neow_bonus":"ONE_RARE_RELIC","is_prod":false,"is_daily":false,"chose_seed":false,"campfire_upgraded":7,"win_rate":0,"timestamp":1713154435,"path_taken":["M","?","M","M","?","R","E","R","T","?","E","?","R","E","R","BOSS","M","M","$","M","?","R","M","E","T","R","?","M","M","E","R","BOSS","M","$","M","?","M","E","R","E","T","M","E","R","M","?","R","BOSS"],"build_version":"2022-12-18","purchased_purges":3,"victory":false,"max_hp_per_floor":[70,70,70,70,70,70,70,70,70,70,84,84,84,84,84,84,84,86,88,88,90,90,90,90,92,92,92,92,92,94,94,94,94,94,96,96,98,100,102,102,102,104,104,104,106,106,106,106,106,106],"card_choices":[{"not_picked":["Choke","Sucker Punch"],"picked":"Skewer","floor":1.0},{"not_picked":["Cloak And Dagger","Concentrate"],"picked":"Calculated Gamble","floor":3.0},{"not_picked":["Poisoned Stab","Catalyst"],"picked":"Blade Dance","floor":4.0},{"not_picked":["Crippling Poison","Grand Finale"],"picked":"Dagger Spray","floor":7.0},{"not_picked":["Dodge and Roll","Infinite Blades"],"picked":"Doppelganger","floor":11.0},{"not_picked":["Caltrops","Riddle With Holes"],"picked":"Masterful Stab","floor":14.0},{"not_picked":["Doppelganger","Venomology"],"picked":"Burst","floor":16.0},{"not_picked":["Dagger Throw","Escape Plan","Expertise"],"picked":"Singing Bowl","floor":18.0},{"not_picked":["Crippling Poison","Calculated Gamble","Deadly Poison"],"picked":"Singing Bowl","floor":19.0},{"not_picked":["Anger","FlurryOfBlows+1","ClearTheMind+1"],"picked":"Singing Bowl","floor":21.0},{"not_picked":["Clothesline","Crescendo+1"],"picked":"Dodge and Roll","floor":24.0},{"not_picked":["Underhanded Strike","Dropkick","Violence"],"picked":"Singing Bowl","floor":25.0},{"not_picked":["Concentrate","Fasting2"],"picked":"Conserve Battery+1","floor":29.0},{"not_picked":["Sentinel","Sucker Punch+1","Pummel"],"picked":"Singing Bowl","floor":30.0},{"not_picked":["Rip and Tear","Redo+1"],"picked":"Hyperbeam","floor":31.0},{"not_picked":["Reboot","Ragnarok"],"picked":"Machine Learning","floor":33.0},{"not_picked":["CrushJoints+1","Conserve Battery","Steam"],"picked":"Singing Bowl","floor":35.0},{"not_picked":["Halt+1","Crescendo","Conclude+1"],"picked":"Singing Bowl","floor":37.0},{"not_picked":["Clothesline","Anger+1","Havoc+1"],"picked":"Singing Bowl","floor":38.0},{"not_picked":["EmptyBody+1","Rebound+1","Gash"],"picked":"Singing Bowl","floor":39.0},{"not_picked":["CrushJoints+1","Shrug It Off"],"picked":"Escape Plan+1","floor":40.0},{"not_picked":["JustLucky","Study","Compile Driver+1"],"picked":"Singing Bowl","floor":42.0},{"not_picked":["Brilliance","Tactician+1"],"picked":"Impatience+1","floor":44},{"not_picked":["Prostrate","Steam","ReachHeaven"],"picked":"Singing Bowl","floor":45},{"not_picked":["Poisoned Stab+1","FlyingSleeves+1"],"picked":"Pommel Strike","floor":47},{"not_picked":["Jack Of All Trades","Dark Shackles"],"picked":"Chrysalis","floor":48},{"not_picked":["Dramatic Entrance","Panache"],"picked":"Thinking Ahead","floor":48}],"player_experience":1095860,"relics_obtained":[{"floor":7.0,"key":"Vajra"},{"floor":9.0,"key":"Singing Bowl"},{"floor":11.0,"key":"Mango"},{"floor":14.0,"key":"Shuriken"},{"floor":25.0,"key":"Gambling Chip"},{"floor":31.0,"key":"Bronze Scales"},{"floor":38.0,"key":"FossilizedHelix"},{"floor":40.0,"key":"Potion Belt"},{"floor":45,"key":"Orichalcum"}],"event_choices":[{"damage_healed":0.0,"max_hp_gain":0.0,"max_hp_loss":0.0,"gold_gain":100.0,"event_name":"Golden Shrine","player_choice":"Pray","floor":2.0,"gold_loss":0.0,"damage_taken":0.0},{"damage_healed":0.0,"max_hp_gain":0.0,"max_hp_loss":0.0,"gold_gain":0.0,"event_name":"Golden Idol","player_choice":"Take Damage","floor":10.0,"gold_loss":0.0,"damage_taken":17.0,"relics_obtained":["Golden Idol"]},{"damage_healed":0.0,"max_hp_gain":0.0,"max_hp_loss":0.0,"gold_gain":0.0,"event_name":"Liars Game","player_choice":"Ignored","floor":12.0,"gold_loss":0.0,"damage_taken":0.0},{"damage_healed":0.0,"max_hp_gain":0.0,"max_hp_loss":0.0,"gold_gain":0.0,"event_name":"The Library","player_choice":"Read","floor":22.0,"gold_loss":0.0,"damage_taken":0.0,"cards_obtained":["Blade Dance"]},{"damage_healed":0.0,"max_hp_gain":0.0,"max_hp_loss":0.0,"gold_gain":0.0,"event_name":"Nest","player_choice":"Joined the Cult","floor":28.0,"gold_loss":0.0,"damage_taken":6.0,"cards_obtained":["RitualDagger"]},{"damage_healed":0.0,"max_hp_gain":0.0,"max_hp_loss":0.0,"gold_gain":0.0,"event_name":"Mysterious Sphere","player_choice":"Fight","floor":38.0,"gold_loss":0.0,"damage_taken":0.0},{"damage_healed":0,"gold_gain":0,"player_choice":"Memory 3","damage_taken":10,"max_hp_gain":0,"max_hp_loss":0,"event_name":"SensoryStone","floor":48,"gold_loss":0}],"is_beta":false,"boss_relics":[{"not_picked":["Ectoplasm","Ring of the Serpent"],"picked":"Empty Cage"},{"not_picked":["Astrolabe","SlaversCollar"],"picked":"Cursed Key"}],"items_purged_floors":[5,20,36],"is_endless":false,"potions_floor_spawned":[1,4,11,19,21,24,30,35,38,39,44,47],"killed_by":"Time Eater","ascension_level":2}