{"gold_per_floor":[17,17,37,58,58,58,89,89,89,107,125,164,164,183,183,307,307,325,345,369,145,60,60,99,99,99,122,122,155,176,214,214,338,338,363,386,386,298,313,349,362,362,389,389,410,453,15,53,53,53,53,53,3,38,38],"floor_reached":56,"playtime":4176,"items_purged":["Riddle With Holes","Corpse Explosion","Glass Knife","Deflect"],"score":1523,"play_id":"919f94d2-3e15-4bb4-9f94-f2e4a0818052","local_time":"20240505211844","is_ascension_mode":true,"campfire_choices":[{"data":"Skewer","floor":6,"key":"SMITH"},{"floor":8,"key":"REST"},{"data":"Adrenaline","floor":13,"key":"SMITH"},{"data":"Neutralize","floor":15,"key":"SMITH"},{"data":"Burst","floor":23,"key":"SMITH"},{"data":"Wraith Form v2","floor":25,"key":"SMITH"},{"floor":28,"key":"DIG"},{"data":"Tactician","floor":32,"key":"SMITH"},{"data":"Well Laid Plans","floor":42,"key":"SMITH"},{"floor":49,"key":"RECALL"},{"floor":52,"key":"DIG"}],"neow_cost":"NO_GOLD","seed_source_timestamp":548105372382300,"circlet_count":0,"master_deck":["Survivor","Neutralize+1","Skewer+1","Cloak And Dagger","Corpse Explosion","Backflip","Adrenaline+1","Tools of the Trade","Burst+1","Deflect","Deflect","Bane","Doppelganger","Backstab","Wraith Form v2+1","Well Laid Plans+1","Dodge and Roll+1","Tactician+1","Prepared+1","Underhanded Strike","Adrenaline","PiercingWail","Blade Dance+1","Caltrops","Acrobatics+1","Outmaneuver+1","Deadly Poison","Dash+1","Impatience","Acrobatics","Footwork"],"relics":["Ring of the Snake","Ginger","Golden Idol","Matryoshka","HornCleat","White Beast Statue","Smiling Mask","Pandora\u0027s Box","Nunchaku","Gremlin Horn","Pen Nib","Shovel","Tiny Chest","Ninja Scroll","Ice Cream","HoveringKite","The Specimen","Eternal Feather","InkBottle","Ornamental Fan","Mercury Hourglass","Bird Faced Urn"],"potions_floor_usage":[7,16,27,55],"damage_taken":[{"damage":0,"enemies":"Jaw Worm","floor":1,"turns":6},{"damage":0,"enemies":"Cultist","floor":3,"turns":3},{"damage":0,"enemies":"Small Slimes","floor":4,"turns":3},{"damage":21,"enemies":"Lagavulin","floor":7,"turns":9},{"damage":0,"enemies":"3 Louse","floor":10,"turns":2},{"damage":4,"enemies":"Exordium Wildlife","floor":11,"turns":4},{"damage":7,"enemies":"Gremlin Nob","floor":12,"turns":4},{"damage":0,"enemies":"2 Fungi Beasts","floor":14,"turns":3},{"damage":12,"enemies":"Slime Boss","floor":16,"turns":7},{"damage":0,"enemies":"2 Thieves","floor":18,"turns":3},{"damage":0,"enemies":"Shell Parasite","floor":19,"turns":4},{"damage":0,"enemies":"3 Cultists","floor":20,"turns":2},{"damage":0,"enemies":"Slavers","floor":24,"turns":1},{"damage":6,"enemies":"Snake Plant","floor":27,"turns":3},{"damage":1,"enemies":"Gremlin Leader","floor":29,"turns":8},{"damage":0,"enemies":"Centurion and Healer","floor":30,"turns":2},{"damage":0,"enemies":"Slavers","floor":31,"turns":2},{"damage":1,"enemies":"Champ","floor":33,"turns":9},{"damage":0,"enemies":"3 Shapes","floor":35,"turns":1},{"damage":0,"enemies":"3 Darklings","floor":36,"turns":3},{"damage":0,"enemies":"Transient","floor":39,"turns":5},{"damage":10,"enemies":"Reptomancer","floor":40,"turns":3},{"damage":0,"enemies":"Sphere and 2 Shapes","floor":41,"turns":3},{"damage":0,"enemies":"3 Darklings","floor":45,"turns":2},{"damage":0,"enemies":"Nemesis","floor":46,"turns":5},{"damage":0,"enemies":"Reptomancer","floor":48,"turns":3},{"damage":18,"enemies":"Time Eater","floor":50,"turns":9},{"damage":0,"enemies":"Shield and Spear","floor":54,"turns":4},{"damage":29,"enemies":"The Heart","floor":55,"turns":9}],"seed_played":"-4718584271391248961","potions_obtained":[{"floor":1,"key":"CultistPotion"},{"floor":4,"key":"SteroidPotion"},{"floor":7,"key":"Swift Potion"},{"floor":10,"key":"FairyPotion"},{"floor":14,"key":"Energy Potion"},{"floor":16,"key":"Swift Potion"},{"floor":20,"key":"Block Potion"},{"floor":27,"key":"Block Potion"},{"floor":29,"key":"FairyPotion"},{"floor":45,"key":"EntropicBrew"}],"is_trial":false,"path_per_floor":["M","?","M","M","?","R","E","R","T","M","M","E","R","M","R","B",null,"M","M","M","$","?","R","E","R","T","M","R","E","M","E","R","B",null,"M","M","?","$","M","E","M","R","T","?","M","E","$","E","R","B",null,"R","$","E","B",null],"character_chosen":"THE_SILENT","items_purchased":["Well Laid Plans","GhostInAJar","Caltrops","InkBottle","Impatience","Acrobatics"],"campfire_rested":1,"item_purchase_floors":[21,21,38,47,47,47],"current_hp_per_floor":[70,53,53,53,53,53,32,53,53,53,49,42,42,42,42,30,70,70,70,70,70,70,70,70,70,70,64,64,63,63,63,63,62,70,70,70,70,70,70,60,60,60,60,60,60,60,60,60,66,48,66,66,66,66,37],"gold":38,"neow_bonus":"ONE_RARE_RELIC","is_prod":false,"is_daily":false,"chose_seed":false,"campfire_upgraded":7,"win_rate":0,"timestamp":1714969124,"path_taken":["M","?","M","M","?","R","E","R","T","M","M","E","R","M","R","BOSS","M","M","?","$","?","R","E","R","T","M","R","E","M","E","R","BOSS","M","M","?","$","M","E","M","R","T","?","M","E","$","E","R","BOSS","R","$","E","BOSS"],"build_version":"2022-12-18","purchased_purges":4,"victory":true,"max_hp_per_floor":[70,70,70,70,70,70,70,70,70,70,70,70,70,70,70,70,70,70,70,70,70,70,70,70,70,70,70,70,70,70,70,70,70,70,70,70,70,70,70,70,70,70,70,66,66,66,66,66,66,66,66,66,66,66,66],"card_choices":[{"not_picked":["Accuracy","Masterful Stab"],"picked":"Skewer","floor":1},{"not_picked":["Deadly Poison","Slice"],"picked":"Endless Agony","floor":3},{"not_picked":["Outmaneuver","Expertise"],"picked":"Cloak And Dagger","floor":4},{"not_picked":["Noxious Fumes","Backflip"],"picked":"Corpse Explosion","floor":7},{"not_picked":["Slice","Sucker Punch","Choke"],"picked":"SKIP","floor":10},{"not_picked":["Expertise","Deflect"],"picked":"Backflip","floor":11},{"not_picked":["Venomology","Prepared"],"picked":"Adrenaline","floor":12},{"not_picked":["Heel Hook","Backflip"],"picked":"Deflect","floor":14},{"not_picked":["Night Terror","Bullet Time"],"picked":"Tools of the Trade","floor":16},{"not_picked":["Underhanded Strike","Noxious Fumes","Expertise"],"picked":"SKIP","floor":18},{"not_picked":["Concentrate","Cloak And Dagger","Slice+1"],"picked":"SKIP","floor":19},{"not_picked":["Slice","Infinite Blades","Flying Knee+1"],"picked":"SKIP","floor":20},{"not_picked":["Finisher","Noxious Fumes+1"],"picked":"Dodge and Roll+1","floor":24},{"not_picked":["Slice","Setup+1"],"picked":"Tactician","floor":27},{"not_picked":["Bane","Cloak And Dagger","Leg Sweep"],"picked":"SKIP","floor":29},{"not_picked":["Distraction","Die Die Die"],"picked":"Prepared+1","floor":30},{"not_picked":["Masterful Stab+1","Deadly Poison"],"picked":"Underhanded Strike","floor":31},{"not_picked":["After Image","Venomology"],"picked":"Adrenaline","floor":33},{"not_picked":["Masterful Stab+1","All Out Attack"],"picked":"PiercingWail","floor":35},{"not_picked":["Outmaneuver+1","Infinite Blades+1"],"picked":"Blade Dance+1","floor":36},{"not_picked":["Dagger Spray+1","Deadly Poison","Dagger Throw+1"],"picked":"SKIP","floor":39},{"not_picked":["Endless Agony","Riddle With Holes"],"picked":"Acrobatics+1","floor":40},{"not_picked":["Corpse Explosion","Heel Hook"],"picked":"Outmaneuver+1","floor":41},{"not_picked":["Infinite Blades+1","Outmaneuver"],"picked":"Deadly Poison","floor":45},{"not_picked":["Cloak And Dagger+1","Dagger Throw+1"],"picked":"Dash+1","floor":46},{"not_picked":["Blur","Flechettes+1"],"picked":"Footwork","floor":48},{"not_picked":["Noxious Fumes","Backflip","Dagger Throw"],"picked":"SKIP","floor":54}],"player_experience":1099073,"relics_obtained":[{"floor":7,"key":"Matryoshka"},{"floor":9,"key":"HornCleat"},{"floor":9,"key":"White Beast Statue"},{"floor":12,"key":"Smiling Mask"},{"floor":24,"key":"Gremlin Horn"},{"floor":26,"key":"Pen Nib"},{"floor":26,"key":"Shovel"},{"floor":28,"key":"Tiny Chest"},{"floor":29,"key":"Ninja Scroll"},{"floor":31,"key":"Ice Cream"},{"floor":40,"key":"The Specimen"},{"floor":46,"key":"Eternal Feather"},{"floor":48,"key":"Ornamental Fan"},{"floor":52,"key":"Mercury Hourglass"},{"floor":54,"key":"Bird Faced Urn"}],"event_choices":[{"damage_healed":0,"gold_gain":0,"player_choice":"Take Damage","damage_taken":17,"relics_obtained":["Golden Idol"],"max_hp_gain":0,"max_hp_loss":0,"event_name":"Golden Idol","floor":2,"gold_loss":0},{"damage_healed":0,"gold_gain":0,"cards_transformed":["Strike_G"],"player_choice":"Transformed","damage_taken":0,"max_hp_gain":0,"max_hp_loss":0,"event_name":"Transmorgrifier","floor":5,"gold_loss":0,"cards_obtained":["Riddle With Holes"]},{"damage_healed":0,"gold_gain":0,"player_choice":"Obtained Relic","damage_taken":0,"relics_obtained":["Nunchaku"],"max_hp_gain":0,"max_hp_loss":0,"event_name":"Addict","floor":22,"gold_loss":85},{"cards_removed":["Endless Agony"],"damage_healed":0,"gold_gain":0,"player_choice":"Removed Attack","damage_taken":0,"max_hp_gain":0,"max_hp_loss":0,"event_name":"Falling","floor":37,"gold_loss":0},{"damage_healed":0,"gold_gain":0,"player_choice":"Max HP","damage_taken":0,"max_hp_gain":0,"max_hp_loss":4,"event_name":"Winding Halls","floor":44,"gold_loss":0}],"is_beta":false,"boss_relics":[{"not_picked":["Coffee Dripper","WristBlade"],"picked":"Pandora\u0027s Box"},{"not_picked":["SlaversCollar","Snecko Eye"],"picked":"HoveringKite"}],"items_purged_floors":[21,38,47,53],"is_endless":false,"potions_floor_spawned":[1,4,7,10,11,12,14,16,18,19,20,24,27,29,30,31,33,35,36,39,40,41,45,46,48,54],"ascension_level":2}