{"gold_per_floor":[109,109,128,179,195,195,211,246,297,314,314,332,332,349,349,453,453,467,486,486,496,23,54,72,72,95,125,125,125,50,149,149,246,246,258,258,276,288,303,303,338,355,378,406,406,419,98,116,116,116,116,116,40,66,66],"floor_reached":56,"playtime":4586,"items_purged":["Defend_G","Parasite"],"score":1315,"play_id":"363473b3-0661-4b83-93d0-1d0a35781ee1","local_time":"20240521230527","is_ascension_mode":true,"campfire_choices":[{"data":"Blade Dance","floor":6.0,"key":"SMITH"},{"floor":13.0,"key":"REST"},{"data":"Finisher","floor":15.0,"key":"SMITH"},{"data":"Well Laid Plans","floor":25.0,"key":"SMITH"},{"floor":29.0,"key":"REST"},{"data":"Prepared","floor":32.0,"key":"SMITH"},{"data":"Wraith Form v2","floor":40.0,"key":"SMITH"},{"floor":45.0,"key":"REST"},{"floor":49.0,"key":"RECALL"},{"data":"Wraith Form v2","floor":52.0,"key":"SMITH"}],"neow_cost":"PERCENT_DAMAGE","seed_source_timestamp":0,"circlet_count":0,"master_deck":["Strike_G","Strike_G+1","Strike_G","Defend_G","Defend_G","Defend_G","Defend_G","Survivor","Neutralize+1","Underhanded Strike","Blur","Blade Dance+1","Terror","Finisher+1","Dodge and Roll","Well Laid Plans+1","Cloak And Dagger","Envenom","PiercingWail+1","Accuracy","Blade Dance","Acrobatics+1","Cloak And Dagger+1","Prepared+1","Wraith Form v2+1","Calculated Gamble+1","Wraith Form v2+1","Footwork+1","Deflect+1","Tactician","Catalyst","Footwork","Predator+1","Well Laid Plans"],"special_seed":0,"relics":["Ring of the Snake","Ice Cream","Darkstone Periapt","Blood Vial","HoveringKite","Medical Kit","InkBottle","Strawberry","Dream Catcher","Bottled Tornado","SlaversCollar","Letter Opener","Whetstone","Nunchaku","Bag of Preparation","FossilizedHelix"],"potions_floor_usage":[55],"damage_taken":[{"damage":0.0,"enemies":"Jaw Worm","floor":1.0,"turns":5.0},{"damage":0.0,"enemies":"2 Louse","floor":3.0,"turns":3.0},{"damage":0.0,"enemies":"Small Slimes","floor":5.0,"turns":3.0},{"damage":5.0,"enemies":"Exordium Wildlife","floor":7.0,"turns":3.0},{"damage":35.0,"enemies":"3 Sentries","floor":8.0,"turns":10.0},{"damage":0.0,"enemies":"3 Louse","floor":10.0,"turns":2.0},{"damage":5.0,"enemies":"2 Fungi Beasts","floor":12.0,"turns":3.0},{"damage":0.0,"enemies":"Looter","floor":14.0,"turns":3.0},{"damage":2.0,"enemies":"The Guardian","floor":16.0,"turns":9.0},{"damage":2.0,"enemies":"Spheric Guardian","floor":18.0,"turns":5.0},{"damage":15.0,"enemies":"3 Byrds","floor":19.0,"turns":8.0},{"damage":5.0,"enemies":"Cultist and Chosen","floor":21.0,"turns":8.0},{"damage":7.0,"enemies":"Slavers","floor":23.0,"turns":5.0},{"damage":13.0,"enemies":"Snake Plant","floor":24.0,"turns":7.0},{"damage":28.0,"enemies":"Book of Stabbing","floor":27.0,"turns":6.0},{"damage":41.0,"enemies":"Champ","floor":33.0,"turns":10.0},{"damage":5.0,"enemies":"3 Shapes","floor":35.0,"turns":5.0},{"damage":6.0,"enemies":"3 Darklings","floor":37.0,"turns":5.0},{"damage":1.0,"enemies":"4 Shapes","floor":38.0,"turns":8.0},{"damage":14.0,"enemies":"Jaw Worm Horde","floor":39.0,"turns":7.0},{"damage":1.0,"enemies":"Nemesis","floor":41.0,"turns":7.0},{"damage":4.0,"enemies":"Writhing Mass","floor":42.0,"turns":10.0},{"damage":25.0,"enemies":"Reptomancer","floor":44.0,"turns":5.0},{"damage":1.0,"enemies":"Transient","floor":46.0,"turns":5.0},{"damage":13.0,"enemies":"4 Shapes","floor":48.0,"turns":9.0},{"damage":2.0,"enemies":"Awakened One","floor":50.0,"turns":12.0},{"damage":6.0,"enemies":"Shield and Spear","floor":54.0,"turns":9.0},{"damage":44,"enemies":"The Heart","floor":55,"turns":10}],"seed_played":"5320986065089677577","potions_obtained":[{"floor":8.0,"key":"Ancient Potion"},{"floor":10.0,"key":"Regen Potion"},{"floor":12.0,"key":"Energy Potion"},{"floor":16.0,"key":"SteroidPotion"},{"floor":19.0,"key":"SteroidPotion"},{"floor":27.0,"key":"SkillPotion"},{"floor":33.0,"key":"Dexterity Potion"},{"floor":37.0,"key":"SpeedPotion"},{"floor":44.0,"key":"Explosive Potion"},{"floor":48.0,"key":"GamblersBrew"}],"is_trial":false,"path_per_floor":["M","?","M","?","M","R","M","E","T","M","?","M","R","M","R","B",null,"M","M","?","M","$","E","M","R","T","E","T","R","?","?","R","B",null,"M","?","M","M","M","R","E","M","T","E","R","M","$","M","R","B",null,"R","$","E","B",null],"character_chosen":"THE_SILENT","items_purchased":["Medical Kit","InkBottle","Bag of Preparation","Footwork","LiquidBronze"],"campfire_rested":3,"item_purchase_floors":[22,22,47,47,53],"current_hp_per_floor":[49,49,49,49,49,49,44,9,9,11,11,8,29,31,31,31,70,68,55,55,52,52,54,43,43,43,17,17,40,40,40,40,1,77,72,72,68,69,57,57,58,62,62,39,63,64,64,53,53,53,80,80,80,74,32],"gold":66,"neow_bonus":"ONE_RARE_RELIC","is_prod":false,"is_daily":false,"chose_seed":false,"campfire_upgraded":6,"win_rate":0,"timestamp":1716357927,"path_taken":["M","?","M","?","M","R","M","E","T","M","?","M","R","M","R","BOSS","M","M","?","M","$","E","M","R","T","E","?","R","?","?","R","BOSS","M","?","M","M","M","R","E","M","T","E","R","?","$","M","R","BOSS","R","$","E","BOSS"],"build_version":"2022-12-18","purchased_purges":2,"victory":true,"max_hp_per_floor":[70,70,70,70,70,70,70,70,70,70,70,70,70,70,70,70,70,70,70,70,70,70,77,77,77,77,77,77,77,77,77,77,77,77,77,77,77,77,77,77,77,83,83,83,83,83,80,80,80,80,80,80,80,80,80],"card_choices":[{"not_picked":["Bane","Noxious Fumes"],"picked":"Underhanded Strike","floor":1.0},{"not_picked":["Reflex","Accuracy"],"picked":"Blur","floor":3.0},{"not_picked":["Slice","Bane"],"picked":"Blade Dance","floor":5.0},{"not_picked":["Reflex","Deadly Poison"],"picked":"Terror","floor":7.0},{"not_picked":["Flying Knee","Setup"],"picked":"Finisher","floor":8.0},{"not_picked":["Deadly Poison","Eviscerate"],"picked":"Dodge and Roll","floor":10.0},{"not_picked":["Blur","Choke"],"picked":"Cloak And Dagger","floor":12.0},{"not_picked":["Slice","Setup","Deflect"],"picked":"SKIP","floor":14.0},{"not_picked":["Die Die Die","A Thousand Cuts"],"picked":"Envenom","floor":16.0},{"not_picked":["Underhanded Strike","Catalyst"],"picked":"PiercingWail+1","floor":18.0},{"not_picked":["Sucker Punch","Bouncing Flask"],"picked":"Accuracy","floor":19.0},{"not_picked":["Cloak And Dagger","Dagger Spray"],"picked":"Blade Dance","floor":21.0},{"not_picked":["Slice","Crippling Poison","Underhanded Strike+1"],"picked":"SKIP","floor":23.0},{"not_picked":["Prepared","Backflip"],"picked":"Acrobatics+1","floor":24.0},{"not_picked":["Endless Agony","Bane"],"picked":"Cloak And Dagger+1","floor":27.0},{"not_picked":["Flechettes","Heel Hook"],"picked":"Prepared","floor":29.0},{"not_picked":["Doppelganger","Night Terror"],"picked":"Wraith Form v2","floor":33.0},{"not_picked":["Dagger Throw","Eviscerate"],"picked":"Calculated Gamble+1","floor":35.0},{"not_picked":["Dagger Spray","Acrobatics","Slice+1"],"picked":"SKIP","floor":37.0},{"not_picked":["Poisoned Stab","Blade Dance+1"],"picked":"Footwork+1","floor":38.0},{"not_picked":["Dodge and Roll+1","Dagger Spray+1","Slice+1"],"picked":"SKIP","floor":39.0},{"not_picked":["Infinite Blades","Predator+1"],"picked":"Deflect+1","floor":41.0},{"not_picked":["Backflip","Cloak And Dagger"],"picked":"Tactician","floor":42.0},{"not_picked":["Concentrate+1","Caltrops+1"],"picked":"Catalyst","floor":44.0},{"not_picked":["Prepared+1","Dodge and Roll","Poisoned Stab"],"picked":"SKIP","floor":46.0},{"not_picked":["Sucker Punch+1","Cloak And Dagger"],"picked":"Predator+1","floor":48.0},{"not_picked":["Envenom","Dagger Throw+1"],"picked":"Well Laid Plans","floor":54.0}],"player_experience":1125076,"relics_obtained":[{"floor":8.0,"key":"Darkstone Periapt"},{"floor":9.0,"key":"Blood Vial"},{"floor":23.0,"key":"Strawberry"},{"floor":27.0,"key":"Dream Catcher"},{"floor":28.0,"key":"Bottled Tornado"},{"floor":41.0,"key":"Letter Opener"},{"floor":43.0,"key":"Whetstone"},{"floor":44.0,"key":"Nunchaku"},{"floor":54.0,"key":"FossilizedHelix"}],"event_choices":[{"damage_healed":0.0,"max_hp_gain":0.0,"max_hp_loss":0.0,"gold_gain":0.0,"event_name":"Liars Game","player_choice":"Ignored","floor":2.0,"gold_loss":0.0,"damage_taken":0.0},{"damage_healed":0.0,"max_hp_gain":0.0,"max_hp_loss":0.0,"gold_gain":51.0,"event_name":"Golden Wing","player_choice":"Gained Gold","floor":4.0,"gold_loss":0.0,"damage_taken":0.0},{"damage_healed":0.0,"max_hp_gain":0.0,"max_hp_loss":0.0,"gold_gain":0.0,"cards_transformed":["Strike_G"],"event_name":"Living Wall","player_choice":"Change","floor":11.0,"gold_loss":0.0,"damage_taken":0.0,"cards_obtained":["Well Laid Plans"]},{"damage_healed":0.0,"max_hp_gain":0.0,"max_hp_loss":0.0,"gold_gain":0.0,"event_name":"Cursed Tome","player_choice":"Ignored","floor":20.0,"gold_loss":0.0,"damage_taken":0.0},{"cards_removed":["Strike_G"],"damage_healed":0.0,"max_hp_gain":0.0,"max_hp_loss":0.0,"gold_gain":0.0,"event_name":"Beggar","player_choice":"Gave Gold","floor":30.0,"gold_loss":75.0,"damage_taken":0.0},{"damage_healed":0.0,"max_hp_gain":0.0,"max_hp_loss":0.0,"gold_gain":99.0,"event_name":"Nest","player_choice":"Stole From Cult","floor":31.0,"gold_loss":0.0,"damage_taken":0.0},{"damage_healed":0.0,"max_hp_gain":0.0,"max_hp_loss":0.0,"gold_gain":0.0,"event_name":"Duplicator","player_choice":"Copied","floor":36.0,"gold_loss":0.0,"damage_taken":0.0,"cards_obtained":["Wraith Form v2"]}],"is_beta":false,"boss_relics":[{"not_picked":["Coffee Dripper","Runic Dome"],"picked":"HoveringKite"},{"not_picked":["Empty Cage","Busted Crown"],"picked":"SlaversCollar"}],"items_purged_floors":[22,47],"is_endless":false,"potions_floor_spawned":[8,10,12,16,19,27,33,37,44,48],"ascension_level":3}