{"gold_per_floor":[116,136,136,15,29,29,41,69,93,93,119,119,135,153,153,257,257,271,196,496,1,1,1,45,45,45,57,7,39,60,10,10,112,121,144,144,161,161,180,180,180,189,189,233,22,22,65,79,79,79],"floor_reached":51,"playtime":8313,"items_purged":["Defend_P","Defend_P","Defend_P","Strike_P"],"score":1005,"play_id":"b74864d3-af51-4b69-9d23-bfdf899a478a","local_time":"20230220212202","is_ascension_mode":true,"campfire_choices":[{"data":"SashWhip","floor":6.0,"key":"SMITH"},{"data":"MentalFortress","floor":10.0,"key":"SMITH"},{"floor":15.0,"key":"REST"},{"data":"Writhe","floor":23.0,"key":"PURGE"},{"data":"Strike_P","floor":25.0,"key":"PURGE"},{"floor":32.0,"key":"REST"},{"data":"SashWhip+1","floor":40.0,"key":"PURGE"},{"floor":46,"key":"REST"},{"floor":49,"key":"REST"}],"neow_cost":"NONE","seed_source_timestamp":0,"circlet_count":0,"master_deck":["Eruption+1","Vigilance","Halt+1","DeceiveReality","MentalFortress+1","EmptyFist+1","Ragnarok+1","Sanctity+1","CutThroughFate","Establishment","TalkToTheHand+1","Thinking Ahead","WaveOfTheHand+1","Enlightenment","TalkToTheHand+1","Vengeance+1"],"special_seed":0,"relics":["PureWater","Tiny Chest","Regal Pillow","Smiling Mask","Fusion Hammer","Old Coin","Peace Pipe","Sling","Singing Bowl","CeramicFish","InkBottle","Vajra","Pandora\u0027s Box","Juzu Bracelet","Bottled Tornado","Whetstone","DollysMirror","Orichalcum"],"potions_floor_usage":[44,44,50,50],"damage_taken":[{"damage":3.0,"enemies":"Jaw Worm","floor":1.0,"turns":6.0},{"damage":3.0,"enemies":"2 Louse","floor":2.0,"turns":4.0},{"damage":0.0,"enemies":"Cultist","floor":5.0,"turns":3.0},{"damage":0.0,"enemies":"2 Fungi Beasts","floor":7.0,"turns":2.0},{"damage":3.0,"enemies":"Lagavulin","floor":8.0,"turns":10.0},{"damage":26.0,"enemies":"Gremlin Nob","floor":11.0,"turns":4.0},{"damage":0.0,"enemies":"3 Louse","floor":13.0,"turns":4.0},{"damage":3.0,"enemies":"Blue Slaver","floor":14.0,"turns":4.0},{"damage":16.0,"enemies":"Slime Boss","floor":16.0,"turns":14.0},{"damage":0.0,"enemies":"Spheric Guardian","floor":18.0,"turns":1.0},{"damage":15.0,"enemies":"Book of Stabbing","floor":24.0,"turns":4.0},{"damage":4.0,"enemies":"Chosen","floor":27.0,"turns":4.0},{"damage":10.0,"enemies":"Slavers","floor":29.0,"turns":3.0},{"damage":0.0,"enemies":"Snake Plant","floor":30.0,"turns":2.0},{"damage":5.0,"enemies":"Automaton","floor":33.0,"turns":8.0},{"damage":0.0,"enemies":"3 Darklings","floor":35.0,"turns":2.0},{"damage":3.0,"enemies":"3 Shapes","floor":37.0,"turns":4.0},{"damage":0.0,"enemies":"Maw","floor":39.0,"turns":6.0},{"damage":9,"enemies":"Nemesis","floor":44,"turns":9},{"damage":0,"enemies":"Giant Head","floor":47,"turns":6},{"damage":5,"enemies":"4 Shapes","floor":48,"turns":4},{"damage":43,"enemies":"Donu and Deca","floor":50,"turns":10}],"seed_played":"-6746902508520590149","potions_obtained":[{"floor":1.0,"key":"ColorlessPotion"},{"floor":14.0,"key":"DuplicationPotion"},{"floor":16.0,"key":"SteroidPotion"},{"floor":18.0,"key":"EntropicBrew"},{"floor":27.0,"key":"SteroidPotion"},{"floor":30.0,"key":"DistilledChaos"},{"floor":33.0,"key":"SkillPotion"},{"floor":39.0,"key":"StancePotion"},{"floor":47,"key":"SteroidPotion"},{"floor":48,"key":"Dexterity Potion"}],"is_trial":false,"path_per_floor":["M","M","?","$","M","R","M","E","T","R","E","?","M","M","R","B",null,"M","?","T","$","?","R","E","R","T","M","$","E","M","$","R","B",null,"M","T","M","?","M","R","?","?","T","E","$","R","E","M","R","B",null],"character_chosen":"WATCHER","items_purchased":["Halt","Peace Pipe","Sling","Enlightenment","DollysMirror"],"campfire_rested":4,"item_purchase_floors":[4,21,21,45,45],"current_hp_per_floor":[62,59,59,59,59,59,59,56,56,56,30,30,30,27,63,47,66,66,66,66,66,66,66,51,51,51,49,49,41,41,41,76,73,77,77,77,76,76,78,78,78,78,78,69,69,82,82,79,84,41],"gold":79,"neow_bonus":"REMOVE_CARD","is_prod":false,"is_daily":false,"chose_seed":false,"campfire_upgraded":2,"win_rate":0,"timestamp":1676956922,"path_taken":["M","M","?","$","M","R","M","E","T","R","E","?","?","M","R","BOSS","M","?","?","$","?","R","E","R","T","M","?","E","?","$","R","BOSS","M","?","M","?","M","R","?","?","T","E","$","R","E","M","R","BOSS"],"build_version":"2022-12-18","purchased_purges":4,"victory":true,"max_hp_per_floor":[72,72,72,72,72,72,72,72,72,72,72,72,72,72,72,72,72,72,72,72,72,72,72,72,72,72,74,74,76,76,76,76,78,78,78,78,80,80,82,82,82,82,82,82,82,82,82,84,84,84],"card_choices":[{"not_picked":["Worship","JustLucky","EmptyBody"],"picked":"SKIP","floor":1.0},{"not_picked":["JustLucky","Worship"],"picked":"SashWhip","floor":2.0},{"not_picked":["ThirdEye","Indignation"],"picked":"DeceiveReality","floor":5.0},{"not_picked":["FlyingSleeves","ClearTheMind","Halt"],"picked":"SKIP","floor":7.0},{"not_picked":["BowlingBash","Protect"],"picked":"MentalFortress","floor":8.0},{"not_picked":["FollowUp","ForeignInfluence"],"picked":"EmptyFist","floor":11.0},{"not_picked":["Wireheading","SashWhip","WaveOfTheHand"],"picked":"SKIP","floor":13.0},{"not_picked":["Indignation","Consecrate","FlyingSleeves"],"picked":"SKIP","floor":14.0},{"not_picked":["ConjureBlade","Blasphemy"],"picked":"Ragnarok","floor":16.0},{"not_picked":["WreathOfFlame","PathToVictory+1","FlyingSleeves+1"],"picked":"SKIP","floor":18.0},{"not_picked":["DeceiveReality","Protect"],"picked":"Sanctity+1","floor":24.0},{"not_picked":["ClearTheMind","Crescendo+1","Weave"],"picked":"Singing Bowl","floor":27.0},{"not_picked":["ClearTheMind+1","ForeignInfluence","MasterReality"],"picked":"Singing Bowl","floor":29.0},{"not_picked":["EmptyFist","BowlingBash"],"picked":"CutThroughFate","floor":30.0},{"not_picked":["Omniscience","MasterReality","ConjureBlade"],"picked":"Singing Bowl","floor":33.0},{"not_picked":["EmptyBody+1","Worship+1"],"picked":"TalkToTheHand+1","floor":35.0},{"not_picked":["Evaluate","EmptyFist","SignatureMove"],"picked":"Singing Bowl","floor":37.0},{"not_picked":["SignatureMove+1","SashWhip","EmptyBody"],"picked":"Singing Bowl","floor":39.0},{"not_picked":["Good Instincts","Bandage Up"],"picked":"Thinking Ahead","floor":42},{"not_picked":["CrushJoints+1","PathToVictory"],"picked":"WaveOfTheHand+1","floor":44},{"not_picked":["EmptyFist","JustLucky"],"picked":"Vengeance+1","floor":47},{"not_picked":["FlyingSleeves+1","ClearTheMind","FlurryOfBlows+1"],"picked":"Singing Bowl","floor":48}],"player_experience":573138,"relics_obtained":[{"floor":8.0,"key":"Tiny Chest"},{"floor":9.0,"key":"Regal Pillow"},{"floor":11.0,"key":"Smiling Mask"},{"floor":20.0,"key":"Old Coin"},{"floor":24.0,"key":"CeramicFish"},{"floor":26.0,"key":"InkBottle"},{"floor":29.0,"key":"Vajra"},{"floor":36.0,"key":"Juzu Bracelet"},{"floor":43,"key":"Bottled Tornado"},{"floor":44,"key":"Whetstone"},{"floor":47,"key":"Orichalcum"}],"event_choices":[{"damage_healed":0.0,"max_hp_gain":0.0,"max_hp_loss":0.0,"gold_gain":0.0,"event_name":"Living Wall","player_choice":"Grow","floor":3.0,"gold_loss":0.0,"damage_taken":0.0,"cards_upgraded":["Eruption"]},{"damage_healed":0.0,"max_hp_gain":0.0,"max_hp_loss":0.0,"gold_gain":0.0,"event_name":"Accursed Blacksmith","player_choice":"Forge","floor":12.0,"gold_loss":0.0,"damage_taken":0.0,"cards_upgraded":["Halt"]},{"cards_removed":["Defend_P"],"damage_healed":0.0,"max_hp_gain":0.0,"max_hp_loss":0.0,"gold_gain":0.0,"event_name":"Beggar","player_choice":"Gave Gold","floor":19.0,"gold_loss":75.0,"damage_taken":0.0},{"damage_healed":0.0,"max_hp_gain":0.0,"max_hp_loss":0.0,"gold_gain":0.0,"event_name":"The Mausoleum","player_choice":"Opened","floor":22.0,"gold_loss":0.0,"damage_taken":0.0,"relics_obtained":["Singing Bowl"],"cards_obtained":["Writhe"]},{"damage_healed":0.0,"max_hp_gain":0.0,"max_hp_loss":0.0,"gold_gain":0.0,"event_name":"Tomb of Lord Red Mask","player_choice":"Ignored","floor":38.0,"gold_loss":0.0,"damage_taken":0.0},{"damage_healed":0,"gold_gain":0,"player_choice":"Ignored","damage_taken":0,"max_hp_gain":0,"max_hp_loss":0,"event_name":"Mysterious Sphere","floor":41,"gold_loss":0},{"damage_healed":0,"gold_gain":0,"player_choice":"Memory 1","damage_taken":0,"max_hp_gain":0,"max_hp_loss":0,"event_name":"SensoryStone","floor":42,"gold_loss":0}],"is_beta":false,"boss_relics":[{"not_picked":["Black Star","Tiny House"],"picked":"Fusion Hammer"},{"not_picked":["Coffee Dripper","Empty Cage"],"picked":"Pandora\u0027s Box"}],"items_purged_floors":[4,21,28,31],"is_endless":false,"potions_floor_spawned":[1,14,16,18,27,30,33,39,47,48],"ascension_level":7}