{"gold_per_floor":[115,115,127,138,17,17,44,55,80,98,98,98,128,94,94,190,190,202,216,44,58,58,58,87,103,103,103,119,119,137,12,12,113,113,125,125,1124,548,561,561,595,595,647,666,666,682,682,700,700,700],"floor_reached":50,"playtime":5239,"items_purged":["Strike_P","Regret","Strike_P","Normality"],"score":703,"play_id":"53dc482e-c387-4379-8c04-0e6e0ade25f1","local_time":"20230215200209","is_ascension_mode":true,"campfire_choices":[{"data":"Eruption","floor":6.0,"key":"SMITH"},{"floor":12.0,"key":"REST"},{"floor":15.0,"key":"REST"},{"floor":23.0,"key":"REST"},{"floor":27.0,"key":"REST"},{"floor":29.0,"key":"REST"},{"floor":32.0,"key":"REST"},{"floor":42.0,"key":"REST"},{"data":"MentalFortress","floor":45.0,"key":"SMITH"},{"floor":47.0,"key":"REST"},{"floor":49,"key":"REST"}],"neow_cost":"NONE","seed_source_timestamp":0,"circlet_count":0,"master_deck":["Strike_P","Strike_P+1","Defend_P","Defend_P","Defend_P","Defend_P","Eruption+1","Vigilance","Halt","EmptyFist+1","MentalFortress+1","FollowUp","Vengeance","Scrawl","FearNoEvil","Adaptation","Scrawl","Forethought","Normality","CutThroughFate","Adaptation","FlurryOfBlows+1","Injury","CarveReality+1"],"special_seed":0,"relics":["PureWater","NeowsBlessing","Bronze Scales","Bag of Preparation","Vajra","InkBottle","Blood Vial","VioletLotus","TungstenRod","Bottled Lightning","Cursed Key","Strange Spoon","Strawberry","Whetstone","Juzu Bracelet"],"potions_floor_usage":[],"damage_taken":[{"damage":0.0,"enemies":"Small Slimes","floor":1.0,"turns":1.0},{"damage":0.0,"enemies":"Cultist","floor":3.0,"turns":1.0},{"damage":0.0,"enemies":"Jaw Worm","floor":4.0,"turns":1.0},{"damage":8.0,"enemies":"Gremlin Nob","floor":7.0,"turns":3.0},{"damage":1.0,"enemies":"Gremlin Gang","floor":8.0,"turns":4.0},{"damage":1.0,"enemies":"3 Louse","floor":10.0,"turns":2.0},{"damage":34.0,"enemies":"Lagavulin","floor":13.0,"turns":9.0},{"damage":53.0,"enemies":"Hexaghost","floor":16.0,"turns":8.0},{"damage":1.0,"enemies":"Spheric Guardian","floor":18.0,"turns":3.0},{"damage":17.0,"enemies":"Chosen","floor":19.0,"turns":4.0},{"damage":0.0,"enemies":"Centurion and Healer","floor":21.0,"turns":3.0},{"damage":53.0,"enemies":"Slavers","floor":24.0,"turns":8.0},{"damage":0.0,"enemies":"Snecko","floor":25.0,"turns":4.0},{"damage":0.0,"enemies":"Sentry and Sphere","floor":28.0,"turns":3.0},{"damage":16.0,"enemies":"Chosen and Byrds","floor":30.0,"turns":6.0},{"damage":64.0,"enemies":"Automaton","floor":33.0,"turns":11.0},{"damage":0.0,"enemies":"Orb Walker","floor":35.0,"turns":2.0},{"damage":0.0,"enemies":"3 Shapes","floor":39.0,"turns":10.0},{"damage":25.0,"enemies":"Giant Head","floor":41.0,"turns":7.0},{"damage":10.0,"enemies":"Maw","floor":44.0,"turns":6.0},{"damage":22.0,"enemies":"Jaw Worm Horde","floor":46.0,"turns":4.0},{"damage":10,"enemies":"Sphere and 2 Shapes","floor":48,"turns":4},{"damage":87,"enemies":"Time Eater","floor":50,"turns":6}],"seed_played":"-3745203933048150611","potions_obtained":[{"floor":1.0,"key":"StancePotion"},{"floor":10.0,"key":"Energy Potion"},{"floor":16.0,"key":"Explosive Potion"},{"floor":24.0,"key":"ColorlessPotion"},{"floor":25.0,"key":"BottledMiracle"},{"floor":33.0,"key":"ColorlessPotion"},{"floor":41.0,"key":"Block Potion"},{"floor":44.0,"key":"FearPotion"}],"is_trial":false,"path_per_floor":["M","?","M","M","$","R","E","M","T","M","?","R","E","$","R","B",null,"M","M","$","M","?","R","E","M","T","R","M","R","M","$","R","B",null,"M","?","?","$","M","?","E","R","T","M","R","M","R","M","R","B"],"character_chosen":"WATCHER","items_purchased":["EmptyFist","Vengeance","FearNoEvil","CutThroughFate","Strange Spoon","Strawberry","GamblersBrew"],"campfire_rested":9,"item_purchase_floors":[5,14,20,38,38,38,38],"current_hp_per_floor":[65,65,65,65,65,65,57,56,56,55,55,72,38,38,59,8,56,57,42,42,44,44,65,14,16,16,37,39,60,46,46,67,5,55,57,57,57,64,66,66,43,66,66,58,58,38,61,53,76,0],"gold":700,"neow_bonus":"THREE_ENEMY_KILL","is_prod":false,"is_daily":false,"chose_seed":false,"campfire_upgraded":2,"win_rate":0,"timestamp":1676520129,"path_taken":["M","?","M","?","?","R","E","M","T","M","?","R","E","?","R","BOSS","M","?","$","M","?","R","E","M","T","R","M","R","M","$","R","BOSS","M","?","?","$","M","?","E","R","T","M","R","M","R","M","R","BOSS"],"build_version":"2022-12-18","purchased_purges":4,"victory":false,"max_hp_per_floor":[72,72,72,72,72,72,72,72,72,72,72,72,72,72,72,72,72,72,72,72,72,72,72,72,72,72,72,72,72,72,72,72,72,72,72,72,72,79,79,79,79,79,79,79,79,79,79,79,79,79],"card_choices":[{"not_picked":["ForeignInfluence","Weave","SashWhip"],"picked":"SKIP","floor":1.0},{"not_picked":["JustLucky","Nirvana","Prostrate"],"picked":"SKIP","floor":3.0},{"not_picked":["EmptyBody","Prostrate"],"picked":"Halt","floor":4.0},{"not_picked":["CrushJoints","Crescendo"],"picked":"MentalFortress","floor":7.0},{"not_picked":["Prostrate","ThirdEye","Halt"],"picked":"SKIP","floor":8.0},{"not_picked":["Ragnarok","Prostrate"],"picked":"FollowUp","floor":10.0},{"not_picked":["FlyingSleeves","Consecrate","Conclude"],"picked":"SKIP","floor":13.0},{"not_picked":["DeusExMachina","Blasphemy"],"picked":"Scrawl","floor":16.0},{"not_picked":["Indignation+1","PathToVictory+1","Swivel"],"picked":"SKIP","floor":18.0},{"not_picked":["ClearTheMind","ThirdEye+1","Perseverance"],"picked":"SKIP","floor":19.0},{"not_picked":["CarveReality","BattleHymn+1","Protect+1"],"picked":"SKIP","floor":21.0},{"not_picked":["BattleHymn+1","Halt","Indignation"],"picked":"SKIP","floor":24.0},{"not_picked":["SashWhip","LikeWater+1","Indignation+1"],"picked":"SKIP","floor":25.0},{"not_picked":["Evaluate","Protect+1","ClearTheMind"],"picked":"SKIP","floor":28.0},{"not_picked":["Fasting2","SignatureMove","PathToVictory+1"],"picked":"SKIP","floor":30.0},{"not_picked":["Blasphemy","Ragnarok"],"picked":"Scrawl","floor":33.0},{"not_picked":["ClearTheMind+1","Crescendo+1","Consecrate+1"],"picked":"SKIP","floor":35.0},{"not_picked":["Good Instincts","Dark Shackles"],"picked":"Forethought","floor":36.0},{"not_picked":["CutThroughFate+1","CrushJoints"],"picked":"Adaptation","floor":39.0},{"not_picked":["Collect+1","JustLucky+1"],"picked":"FlurryOfBlows+1","floor":41.0},{"not_picked":["ThirdEye","Protect"],"picked":"CarveReality+1","floor":44.0},{"not_picked":["EmptyFist","Prostrate+1","CrushJoints+1"],"picked":"SKIP","floor":46.0},{"not_picked":["Wireheading+1","FollowUp+1","Nirvana+1"],"picked":"SKIP","floor":48}],"player_experience":561110,"relics_obtained":[{"floor":7.0,"key":"Bag of Preparation"},{"floor":9.0,"key":"Vajra"},{"floor":13.0,"key":"Blood Vial"},{"floor":24.0,"key":"TungstenRod"},{"floor":26.0,"key":"Bottled Lightning"},{"floor":41.0,"key":"Whetstone"},{"floor":43.0,"key":"Juzu Bracelet"}],"event_choices":[{"damage_healed":0.0,"max_hp_gain":0.0,"max_hp_loss":0.0,"gold_gain":0.0,"event_name":"WeMeetAgain","player_choice":"Gave Potion","floor":2.0,"gold_loss":0.0,"damage_taken":0.0,"relics_obtained":["Bronze Scales"]},{"damage_healed":0.0,"max_hp_gain":0.0,"max_hp_loss":0.0,"gold_gain":0.0,"event_name":"Big Fish","player_choice":"Box","floor":11.0,"gold_loss":0.0,"damage_taken":0.0,"relics_obtained":["InkBottle"],"cards_obtained":["Regret"]},{"damage_healed":0.0,"max_hp_gain":0.0,"max_hp_loss":0.0,"gold_gain":0.0,"event_name":"The Library","player_choice":"Read","floor":22.0,"gold_loss":0.0,"damage_taken":0.0,"cards_obtained":["Adaptation"]},{"damage_healed":0.0,"max_hp_gain":0.0,"max_hp_loss":0.0,"gold_gain":0.0,"event_name":"SensoryStone","player_choice":"Memory 1","floor":36.0,"gold_loss":0.0,"damage_taken":0.0},{"damage_healed":0.0,"max_hp_gain":0.0,"max_hp_loss":0.0,"gold_gain":999.0,"event_name":"MindBloom","player_choice":"Gold","floor":37.0,"gold_loss":0.0,"damage_taken":0.0,"cards_obtained":["Normality","Normality"]},{"damage_healed":0.0,"max_hp_gain":0.0,"max_hp_loss":0.0,"gold_gain":0.0,"event_name":"Mysterious Sphere","player_choice":"Ignored","floor":40.0,"gold_loss":0.0,"damage_taken":0.0}],"is_beta":false,"boss_relics":[{"not_picked":["Tiny House","HolyWater"],"picked":"VioletLotus"},{"not_picked":["Astrolabe","Philosopher\u0027s Stone"],"picked":"Cursed Key"}],"items_purged_floors":[5,20,31,38],"is_endless":false,"potions_floor_spawned":[1,10,16,24,25,33,41,44],"killed_by":"Time Eater","ascension_level":7}