{"gold_per_floor":[119,119,119,69,69,103,103,103,103,122,2,33,33,46,46,175,175,193,217,217,242,262,306,48,48,73,73,96,127,127,143,143,267,267,282,282,207,207,107,107,145,159,185,224,224,268,268,327,327,327],"floor_reached":51,"playtime":5085,"items_purged":["Strike_P","Defend_P"],"score":1107,"play_id":"32b578fd-052c-4b76-a687-257832728dfb","local_time":"20230214103057","is_ascension_mode":true,"campfire_choices":[{"data":"SandsOfTime","floor":7.0,"key":"SMITH"},{"data":"LessonLearned","floor":13.0,"key":"SMITH"},{"data":"Adaptation","floor":15.0,"key":"SMITH"},{"floor":25.0,"key":"REST"},{"floor":30.0,"key":"REST"},{"floor":32.0,"key":"REST"},{"data":"MentalFortress","floor":40.0,"key":"SMITH"},{"data":"1","floor":47.0,"key":"LIFT"},{"floor":49.0,"key":"REST"}],"neow_cost":"NONE","seed_source_timestamp":0,"circlet_count":0,"master_deck":["Strike_P+1","Defend_P+1","Defend_P+1","Defend_P+1","Eruption+1","Vigilance+1","SandsOfTime+1","FlurryOfBlows","InnerPeace+1","Adaptation+1","CutThroughFate","LessonLearned+1","Halt","Vengeance","TalkToTheHand+1","EmptyMind+1","CarveReality+1","MentalFortress+1","Scrawl+1","Meditate+1","Meditate","WaveOfTheHand"],"special_seed":0,"relics":["PureWater","NeowsBlessing","Golden Idol","Happy Flower","Prayer Wheel","Orichalcum","VioletLotus","Oddly Smooth Stone","CaptainsWheel","Yang","Bag of Preparation","Juzu Bracelet","Busted Crown","Spirit Poop","Calipers","Girya","Boot","MealTicket","Anchor","Du-Vu Doll"],"potions_floor_usage":[50,50],"damage_taken":[{"damage":0.0,"enemies":"Small Slimes","floor":1.0,"turns":1.0},{"damage":0.0,"enemies":"Lagavulin","floor":6.0,"turns":2.0},{"damage":0.0,"enemies":"Jaw Worm","floor":10.0,"turns":1.0},{"damage":15.0,"enemies":"3 Sentries","floor":12.0,"turns":7.0},{"damage":0.0,"enemies":"2 Louse","floor":14.0,"turns":4.0},{"damage":0.0,"enemies":"Slime Boss","floor":16.0,"turns":3.0},{"damage":6.0,"enemies":"3 Byrds","floor":18.0,"turns":6.0},{"damage":0.0,"enemies":"Shell Parasite","floor":19.0,"turns":2.0},{"damage":0.0,"enemies":"Centurion and Healer","floor":21.0,"turns":4.0},{"damage":25.0,"enemies":"Cultist and Chosen","floor":22.0,"turns":7.0},{"damage":34.0,"enemies":"Gremlin Leader","floor":23.0,"turns":5.0},{"damage":0.0,"enemies":"Chosen and Byrds","floor":28.0,"turns":3.0},{"damage":18.0,"enemies":"Slavers","floor":29.0,"turns":5.0},{"damage":0.0,"enemies":"Centurion and Healer","floor":31.0,"turns":4.0},{"damage":30.0,"enemies":"Automaton","floor":33.0,"turns":10.0},{"damage":0.0,"enemies":"3 Darklings","floor":35.0,"turns":3.0},{"damage":0.0,"enemies":"Giant Head","floor":41.0,"turns":7.0},{"damage":0.0,"enemies":"3 Shapes","floor":42.0,"turns":4.0},{"damage":6.0,"enemies":"Reptomancer","floor":44.0,"turns":11.0},{"damage":0.0,"enemies":"Giant Head","floor":46.0,"turns":7.0},{"damage":4.0,"enemies":"2 Orb Walkers","floor":48.0,"turns":4.0},{"damage":11,"enemies":"Donu and Deca","floor":50,"turns":8}],"seed_played":"4158697913413924790","potions_obtained":[{"floor":6.0,"key":"PowerPotion"},{"floor":16.0,"key":"Regen Potion"},{"floor":21.0,"key":"Fruit Juice"},{"floor":23.0,"key":"Regen Potion"},{"floor":28.0,"key":"Fruit Juice"},{"floor":29.0,"key":"Fire Potion"},{"floor":31.0,"key":"EssenceOfSteel"},{"floor":42.0,"key":"CultistPotion"},{"floor":44.0,"key":"SteroidPotion"}],"is_trial":false,"path_per_floor":["M","?","?","?","$","E","R","?","T","M","$","E","R","M","R","B",null,"M","M","?","M","M","E","$","R","T","?","M","E","R","M","R","B",null,"M","?","$","T","$","R","E","M","T","E","?","E","R","?","R","B",null],"character_chosen":"WATCHER","items_purchased":["Adaptation","CutThroughFate","Yang"],"campfire_rested":4,"item_purchase_floors":[11,11,24],"current_hp_per_floor":[65,65,65,65,65,65,65,65,65,65,65,50,50,50,50,50,63,57,57,57,62,37,12,12,33,33,33,38,34,57,57,77,47,70,70,70,70,70,70,70,70,70,70,64,64,64,64,60,77,66],"gold":327,"neow_bonus":"THREE_ENEMY_KILL","is_prod":false,"is_daily":false,"chose_seed":false,"campfire_upgraded":4,"win_rate":0,"timestamp":1676399457,"path_taken":["M","?","?","?","?","E","R","?","T","M","$","E","R","M","R","BOSS","M","?","?","M","M","E","$","R","T","?","M","E","R","M","R","BOSS","M","?","$","?","$","R","E","M","T","E","?","E","R","?","R","BOSS"],"build_version":"2022-12-18","purchased_purges":2,"victory":true,"max_hp_per_floor":[72,72,67,67,67,67,67,67,67,67,67,67,67,67,67,67,67,67,67,67,72,72,72,72,72,72,72,77,77,77,77,77,77,77,77,77,77,77,77,77,77,77,77,77,77,77,77,77,77,77],"card_choices":[{"not_picked":["Halt","CrushJoints"],"picked":"SandsOfTime","floor":1.0},{"not_picked":["CarveReality","DeusExMachina"],"picked":"FlurryOfBlows","floor":6.0},{"not_picked":["CutThroughFate","Consecrate"],"picked":"InnerPeace","floor":10.0},{"not_picked":["FollowUp","EmptyBody","ClearTheMind"],"picked":"SKIP","floor":10.0},{"not_picked":["CutThroughFate","Sanctity"],"picked":"LessonLearned","floor":12.0},{"not_picked":["Blasphemy","Consecrate"],"picked":"Halt","floor":14.0},{"not_picked":["Evaluate","FollowUp","CrushJoints"],"picked":"SKIP","floor":14.0},{"not_picked":["CutThroughFate","SashWhip+1"],"picked":"Vengeance","floor":18.0},{"not_picked":["Prostrate","SashWhip","Halt+1"],"picked":"SKIP","floor":18.0},{"not_picked":["CutThroughFate","Establishment"],"picked":"TalkToTheHand","floor":19.0},{"not_picked":["ForeignInfluence+1","FollowUp"],"picked":"EmptyMind+1","floor":19.0},{"not_picked":["ClearTheMind","PathToVictory","Evaluate+1"],"picked":"SKIP","floor":21.0},{"not_picked":["FollowUp+1","FlyingSleeves","ThirdEye+1"],"picked":"SKIP","floor":21.0},{"not_picked":["Evaluate","FollowUp"],"picked":"CarveReality+1","floor":22.0},{"not_picked":["FollowUp","Collect","PathToVictory"],"picked":"SKIP","floor":22.0},{"not_picked":["PathToVictory","Sanctity","BowlingBash"],"picked":"SKIP","floor":23.0},{"not_picked":["WheelKick","FollowUp"],"picked":"MentalFortress","floor":28.0},{"not_picked":["Blasphemy","Prostrate","SashWhip+1"],"picked":"SKIP","floor":28.0},{"not_picked":["Prostrate","ThirdEye+1","Brilliance"],"picked":"SKIP","floor":29.0},{"not_picked":["PathToVictory+1","Protect","CrushJoints+1"],"picked":"SKIP","floor":31.0},{"not_picked":["WreathOfFlame","Vengeance+1","BowlingBash"],"picked":"SKIP","floor":31.0},{"not_picked":["Wish","Brilliance"],"picked":"Scrawl","floor":33.0},{"not_picked":[],"picked":"Meditate","floor":35.0},{"not_picked":[],"picked":"Meditate","floor":35.0},{"not_picked":["EmptyFist"],"picked":"SKIP","floor":41.0},{"not_picked":[],"picked":"WaveOfTheHand","floor":42.0},{"not_picked":["PathToVictory"],"picked":"SKIP","floor":42.0},{"not_picked":["BowlingBash"],"picked":"SKIP","floor":44.0},{"not_picked":["PathToVictory"],"picked":"SKIP","floor":46.0}],"player_experience":556025,"relics_obtained":[{"floor":6.0,"key":"Happy Flower"},{"floor":9.0,"key":"Prayer Wheel"},{"floor":12.0,"key":"Orichalcum"},{"floor":23.0,"key":"CaptainsWheel"},{"floor":26.0,"key":"Bag of Preparation"},{"floor":29.0,"key":"Juzu Bracelet"},{"floor":38.0,"key":"Calipers"},{"floor":41.0,"key":"Girya"},{"floor":43.0,"key":"Boot"},{"floor":44.0,"key":"MealTicket"},{"floor":46.0,"key":"Anchor"},{"floor":48.0,"key":"Du-Vu Doll"}],"event_choices":[{"damage_healed":0.0,"max_hp_gain":0.0,"max_hp_loss":0.0,"gold_gain":0.0,"event_name":"Living Wall","player_choice":"Grow","floor":2.0,"gold_loss":0.0,"damage_taken":0.0,"cards_upgraded":["Eruption"]},{"damage_healed":0.0,"max_hp_gain":0.0,"max_hp_loss":5.0,"gold_gain":0.0,"event_name":"Golden Idol","player_choice":"Lose Max HP","floor":3.0,"gold_loss":0.0,"damage_taken":0.0,"relics_obtained":["Golden Idol"]},{"cards_removed":["Strike_P"],"damage_healed":0.0,"max_hp_gain":0.0,"max_hp_loss":0.0,"gold_gain":0.0,"event_name":"The Cleric","player_choice":"Card Removal","floor":4.0,"gold_loss":50.0,"damage_taken":0.0},{"damage_healed":0.0,"max_hp_gain":0.0,"max_hp_loss":0.0,"gold_gain":0.0,"event_name":"Accursed Blacksmith","player_choice":"Forge","floor":8.0,"gold_loss":0.0,"damage_taken":0.0,"cards_upgraded":["Vigilance"]},{"damage_healed":0.0,"max_hp_gain":0.0,"max_hp_loss":0.0,"gold_gain":0.0,"event_name":"The Mausoleum","player_choice":"Opened","floor":20.0,"gold_loss":0.0,"damage_taken":0.0,"relics_obtained":["Oddly Smooth Stone"],"cards_obtained":["Writhe"]},{"damage_healed":0.0,"max_hp_gain":0.0,"max_hp_loss":0.0,"gold_gain":0.0,"event_name":"Vampires","player_choice":"Ignored","floor":27.0,"gold_loss":0.0,"damage_taken":0.0},{"cards_removed":["Writhe"],"damage_healed":0.0,"max_hp_gain":0.0,"max_hp_loss":0.0,"gold_gain":0.0,"event_name":"Bonfire Elementals","player_choice":"Offered Curse","floor":36.0,"gold_loss":0.0,"damage_taken":0.0,"relics_obtained":["Spirit Poop"]},{"cards_removed":["Strike_P"],"damage_healed":0.0,"max_hp_gain":0.0,"max_hp_loss":0.0,"gold_gain":0.0,"event_name":"Falling","player_choice":"Removed Attack","floor":45.0,"gold_loss":0.0,"damage_taken":0.0},{"damage_healed":0.0,"max_hp_gain":0.0,"max_hp_loss":0.0,"gold_gain":0.0,"event_name":"Mysterious Sphere","player_choice":"Fight","floor":48.0,"gold_loss":0.0,"damage_taken":0.0}],"is_beta":false,"boss_relics":[{"not_picked":["Coffee Dripper","Empty Cage"],"picked":"VioletLotus"},{"not_picked":["Tiny House","Snecko Eye"],"picked":"Busted Crown"}],"items_purged_floors":[37,39],"is_endless":false,"potions_floor_spawned":[6,16,21,23,28,29,31,42,44],"ascension_level":6}