{"gold_per_floor":[365,329,339,354,373,373,404,404,404,404,404,2,34,48,48,145,145,164,164,178,6,6,37,55,55,133,133,165,40,60,60,60,157,157,175,175,175,175,185,185],"floor_reached":40,"playtime":5876,"items_purged":["Strike_P","Strike_P","Writhe"],"score":717,"play_id":"8604b1dd-c154-4c86-8456-8b670e522f35","local_time":"20230213183947","is_ascension_mode":true,"campfire_choices":[{"data":"Eruption","floor":6.0,"key":"SMITH"},{"floor":8.0,"key":"REST"},{"floor":11.0,"key":"REST"},{"data":"MentalFortress","floor":15.0,"key":"SMITH"},{"data":"Scrawl","floor":25.0,"key":"SMITH"},{"data":"MentalFortress","floor":32,"key":"SMITH"}],"neow_cost":"TEN_PERCENT_HP_LOSS","seed_source_timestamp":0,"circlet_count":0,"master_deck":["Strike_P","Defend_P","Defend_P","Defend_P","Defend_P","Eruption+1","Vigilance","EmptyBody","FollowUp","ClearTheMind","Vengeance","CutThroughFate+1","Wallop","MentalFortress+1","Scrawl+1","FearNoEvil","MentalFortress+1","Ghostly","Ghostly","Ghostly","Ghostly","Ghostly","Devotion"],"special_seed":0,"relics":["PureWater","Mercury Hourglass","Blue Candle","Letter Opener","Shuriken","Sozu","Unceasing Top","Yang","Ornamental Fan","Anchor","MutagenicStrength","Busted Crown","The Courier"],"potions_floor_usage":[],"damage_taken":[{"damage":0.0,"enemies":"2 Louse","floor":1.0,"turns":4.0},{"damage":0.0,"enemies":"Small Slimes","floor":3.0,"turns":4.0},{"damage":0.0,"enemies":"Cultist","floor":4.0,"turns":2.0},{"damage":2.0,"enemies":"Exordium Wildlife","floor":5.0,"turns":4.0},{"damage":34.0,"enemies":"3 Sentries","floor":7.0,"turns":10.0},{"damage":12.0,"enemies":"Gremlin Nob","floor":13.0,"turns":3.0},{"damage":0.0,"enemies":"2 Fungi Beasts","floor":14.0,"turns":2.0},{"damage":0.0,"enemies":"Slime Boss","floor":16.0,"turns":4.0},{"damage":0.0,"enemies":"Chosen","floor":18.0,"turns":5.0},{"damage":8.0,"enemies":"2 Thieves","floor":20.0,"turns":3.0},{"damage":1.0,"enemies":"Gremlin Leader","floor":23.0,"turns":5.0},{"damage":1.0,"enemies":"3 Cultists","floor":24.0,"turns":3.0},{"damage":1.0,"enemies":"Slavers","floor":28.0,"turns":5.0},{"damage":1.0,"enemies":"Snecko","floor":30.0,"turns":6.0},{"damage":1,"enemies":"Champ","floor":33,"turns":11},{"damage":3,"enemies":"3 Darklings","floor":35,"turns":6},{"damage":11,"enemies":"Orb Walker","floor":39,"turns":3},{"damage":35,"enemies":"Nemesis","floor":40,"turns":7}],"seed_played":"-1512636314279316595","potions_obtained":[{"floor":4.0,"key":"Dexterity Potion"},{"floor":5.0,"key":"SpeedPotion"},{"floor":16.0,"key":"CultistPotion"}],"is_trial":false,"path_per_floor":["M","?","M","M","M","R","E","R","T","?","R","$","E","M","R","B",null,"M","?","M","$","?","E","M","R","T","?","E","$","M","?","R","B",null,"M","?","?","T","M","E"],"character_chosen":"WATCHER","items_purchased":["Wallop","Letter Opener","FearNoEvil"],"campfire_rested":2,"item_purchase_floors":[12,12,21],"current_hp_per_floor":[65,65,65,65,63,63,29,48,48,48,65,65,53,53,53,53,62,62,62,54,54,54,53,52,52,52,32,31,31,30,30,30,29,31,28,28,28,28,17,0],"gold":185,"neow_bonus":"TWO_FIFTY_GOLD","is_prod":false,"is_daily":false,"chose_seed":false,"campfire_upgraded":4,"win_rate":0,"timestamp":1676342387,"path_taken":["M","?","M","M","M","R","E","R","T","?","R","$","E","?","R","BOSS","M","?","M","$","?","E","M","R","T","?","E","$","M","?","R","BOSS","M","?","?","?","M","E"],"build_version":"2022-12-18","purchased_purges":3,"victory":false,"max_hp_per_floor":[65,65,65,65,65,65,65,65,65,65,65,65,65,65,65,65,65,65,65,65,65,65,65,65,65,65,32,32,32,32,32,32,32,32,32,32,32,32,32,32],"card_choices":[{"not_picked":["BowlingBash","Tantrum"],"picked":"EmptyBody","floor":1.0},{"not_picked":["ForeignInfluence","CrushJoints"],"picked":"FollowUp","floor":3.0},{"not_picked":["Prostrate","Nirvana"],"picked":"ClearTheMind","floor":4.0},{"not_picked":["PathToVictory","ClearTheMind"],"picked":"Vengeance","floor":5.0},{"not_picked":["Prostrate","ReachHeaven"],"picked":"CutThroughFate","floor":7.0},{"not_picked":["BowlingBash","Nirvana","Weave"],"picked":"SKIP","floor":13.0},{"not_picked":["ThirdEye","FollowUp"],"picked":"MentalFortress","floor":14.0},{"not_picked":["Blasphemy","LessonLearned"],"picked":"Scrawl","floor":16.0},{"not_picked":["CrushJoints","WheelKick","BowlingBash+1"],"picked":"SKIP","floor":18.0},{"not_picked":["FollowUp","ThirdEye","SashWhip"],"picked":"SKIP","floor":20.0},{"not_picked":["FollowUp","ThirdEye","SashWhip"],"picked":"SKIP","floor":20.0},{"not_picked":["FollowUp","ThirdEye","SashWhip"],"picked":"SKIP","floor":20.0},{"not_picked":["Collect","EmptyBody+1","ReachHeaven+1"],"picked":"SKIP","floor":23.0},{"not_picked":["BowlingBash","Wallop","Nirvana"],"picked":"SKIP","floor":24.0},{"not_picked":["ClearTheMind","FlyingSleeves+1","Study"],"picked":"SKIP","floor":28.0},{"not_picked":["Protect","Pray","BowlingBash"],"picked":"SKIP","floor":30.0},{"not_picked":["Wish","Brilliance"],"picked":"Devotion","floor":33},{"not_picked":["Protect"],"picked":"SKIP","floor":35},{"not_picked":["ThirdEye"],"picked":"SKIP","floor":39}],"player_experience":547384,"relics_obtained":[{"floor":7.0,"key":"Mercury Hourglass"},{"floor":9.0,"key":"Blue Candle"},{"floor":13.0,"key":"Shuriken"},{"floor":23.0,"key":"Yang"},{"floor":26.0,"key":"Ornamental Fan"},{"floor":28.0,"key":"Anchor"},{"floor":38,"key":"The Courier"}],"event_choices":[{"damage_healed":0.0,"max_hp_gain":0.0,"max_hp_loss":0.0,"gold_gain":0.0,"event_name":"World of Goop","player_choice":"Left Gold","floor":2.0,"gold_loss":36.0,"damage_taken":0.0},{"damage_healed":0.0,"max_hp_gain":0.0,"max_hp_loss":0.0,"gold_gain":0.0,"event_name":"Upgrade Shrine","player_choice":"Upgraded","floor":10.0,"gold_loss":0.0,"damage_taken":0.0,"cards_upgraded":["CutThroughFate"]},{"damage_healed":0.0,"max_hp_gain":0.0,"max_hp_loss":0.0,"gold_gain":0.0,"event_name":"The Mausoleum","player_choice":"Opened","floor":19.0,"gold_loss":0.0,"damage_taken":0.0,"relics_obtained":["Unceasing Top"],"cards_obtained":["Writhe"]},{"damage_healed":0.0,"max_hp_gain":0.0,"max_hp_loss":0.0,"gold_gain":0.0,"event_name":"The Library","player_choice":"Read","floor":22.0,"gold_loss":0.0,"damage_taken":0.0,"cards_obtained":["MentalFortress"]},{"damage_healed":0.0,"max_hp_gain":0.0,"max_hp_loss":33.0,"gold_gain":0.0,"event_name":"Ghosts","player_choice":"Became a Ghost","floor":27.0,"gold_loss":0.0,"damage_taken":0.0,"cards_obtained":["Ghostly","Ghostly","Ghostly","Ghostly","Ghostly"]},{"damage_healed":0,"gold_gain":0,"player_choice":"Inject Mutagens","damage_taken":0,"relics_obtained":["MutagenicStrength"],"max_hp_gain":0,"max_hp_loss":0,"event_name":"Drug Dealer","floor":31,"gold_loss":0},{"cards_removed":["Strike_P"],"damage_healed":0,"gold_gain":0,"player_choice":"Removed Attack","damage_taken":0,"max_hp_gain":0,"max_hp_loss":0,"event_name":"Falling","floor":36,"gold_loss":0},{"damage_healed":0,"gold_gain":0,"player_choice":"Ignored","damage_taken":0,"max_hp_gain":0,"max_hp_loss":0,"event_name":"Tomb of Lord Red Mask","floor":37,"gold_loss":0}],"is_beta":false,"boss_relics":[{"not_picked":["VioletLotus","Velvet Choker"],"picked":"Sozu"},{"not_picked":["Empty Cage","SlaversCollar"],"picked":"Busted Crown"}],"items_purged_floors":[12,21,29],"is_endless":false,"potions_floor_spawned":[4,5,16,18,23,28,33],"killed_by":"Nemesis","ascension_level":6}