{"gold_per_floor":[113,131,231,249,261,588,588,621,621,635,653,653,136,156,156,259,259,199,199,7,7,7,7,7,7,7,7,7,7,7,7,7,7,7,7,7,7,7,7,7,7,7,7,7,7,7,7,7,7,7],"floor_reached":50,"playtime":6789,"items_purged":["Defend_P"],"score":772,"play_id":"bf569f36-2632-481e-9046-1dce265720d6","local_time":"20230218185901","is_ascension_mode":true,"campfire_choices":[{"data":"Eruption","floor":7.0,"key":"SMITH"},{"data":"TalkToTheHand","floor":12.0,"key":"SMITH"},{"floor":15.0,"key":"REST"},{"data":"TalkToTheHand","floor":23.0,"key":"SMITH"},{"floor":25.0,"key":"REST"},{"floor":32.0,"key":"REST"},{"data":"Devotion","floor":40.0,"key":"SMITH"},{"floor":44.0,"key":"REST"},{"floor":49,"key":"REST"}],"neow_cost":"NONE","seed_source_timestamp":0,"circlet_count":0,"master_deck":["Defend_P+1","Defend_P+1","Eruption+1","Vigilance","Evaluate","Consecrate","SandsOfTime","Prostrate","TalkToTheHand+1","EmptyBody","EmptyFist","Halt","Panache","TalkToTheHand+1","LessonLearned+1","Panache","Bite+1","Bite","Bite+1","Bite","InnerPeace","MentalFortress+1","Devotion+1","FlurryOfBlows+1","WheelKick+1","Vengeance","SpiritShield","CutThroughFate"],"special_seed":0,"relics":["PureWater","Old Coin","Oddly Smooth Stone","PreservedInsect","Singing Bowl","Ectoplasm","Nilry\u0027s Codex","Sundial","Strawberry","HornCleat","Calipers","Black Star","Frozen Egg 2","Boot","Art of War"],"potions_floor_usage":[50,50,50],"damage_taken":[{"damage":2.0,"enemies":"Jaw Worm","floor":1.0,"turns":3.0},{"damage":1.0,"enemies":"Cultist","floor":2.0,"turns":3.0},{"damage":0.0,"enemies":"Small Slimes","floor":4.0,"turns":6.0},{"damage":2.0,"enemies":"Blue Slaver","floor":5.0,"turns":3.0},{"damage":21.0,"enemies":"3 Sentries","floor":6.0,"turns":10.0},{"damage":0.0,"enemies":"Lagavulin","floor":8.0,"turns":4.0},{"damage":4.0,"enemies":"Red Slaver","floor":10.0,"turns":3.0},{"damage":0.0,"enemies":"Large Slime","floor":11.0,"turns":4.0},{"damage":4.0,"enemies":"Exordium Thugs","floor":14.0,"turns":3.0},{"damage":1.0,"enemies":"Slime Boss","floor":16.0,"turns":6.0},{"damage":5.0,"enemies":"2 Thieves","floor":18.0,"turns":4.0},{"damage":13.0,"enemies":"Spheric Guardian","floor":22.0,"turns":5.0},{"damage":21.0,"enemies":"Gremlin Leader","floor":24.0,"turns":5.0},{"damage":37.0,"enemies":"Slavers","floor":28.0,"turns":6.0},{"damage":7.0,"enemies":"Snake Plant","floor":29.0,"turns":5.0},{"damage":6.0,"enemies":"Snecko","floor":30.0,"turns":5.0},{"damage":8.0,"enemies":"Shelled Parasite and Fungi","floor":31.0,"turns":6.0},{"damage":12.0,"enemies":"Collector","floor":33.0,"turns":9.0},{"damage":11.0,"enemies":"Orb Walker","floor":35.0,"turns":5.0},{"damage":2.0,"enemies":"3 Shapes","floor":36.0,"turns":7.0},{"damage":31.0,"enemies":"Jaw Worm Horde","floor":38.0,"turns":4.0},{"damage":12.0,"enemies":"Transient","floor":41.0,"turns":5.0},{"damage":12.0,"enemies":"3 Darklings","floor":42.0,"turns":4.0},{"damage":26.0,"enemies":"Writhing Mass","floor":45.0,"turns":6.0},{"damage":0.0,"enemies":"4 Shapes","floor":47.0,"turns":4.0},{"damage":6,"enemies":"Reptomancer","floor":48,"turns":7},{"damage":93,"enemies":"Donu and Deca","floor":50,"turns":7}],"seed_played":"-7660909990092484715","potions_obtained":[{"floor":2.0,"key":"DuplicationPotion"},{"floor":5.0,"key":"ColorlessPotion"},{"floor":8.0,"key":"Swift Potion"},{"floor":11.0,"key":"PowerPotion"},{"floor":16.0,"key":"LiquidBronze"},{"floor":22.0,"key":"ColorlessPotion"},{"floor":24.0,"key":"Strength Potion"},{"floor":29.0,"key":"CultistPotion"},{"floor":33.0,"key":"Dexterity Potion"},{"floor":38.0,"key":"Strength Potion"},{"floor":41.0,"key":"Swift Potion"},{"floor":47.0,"key":"Block Potion"}],"is_trial":false,"path_per_floor":["M","M","?","M","M","E","R","E","T","M","M","R","$","M","R","B",null,"M","?","$","?","M","R","E","R","T","?","E","M","M","M","R","B",null,"M","M","?","M","?","R","M","M","T","R","M","$","M","E","R","B"],"character_chosen":"WATCHER","items_purchased":["Singing Bowl","Halt","Panache","Panache"],"campfire_rested":5,"item_purchase_floors":[13,13,13,20],"current_hp_per_floor":[63,62,62,62,60,39,39,39,39,35,35,35,35,31,52,51,67,64,48,48,48,46,46,37,52,59,59,31,33,38,45,64,65,66,60,68,68,43,43,43,43,36,36,57,41,41,49,52,72,0],"gold":7,"neow_bonus":"REMOVE_CARD","is_prod":false,"is_daily":false,"chose_seed":false,"campfire_upgraded":4,"win_rate":0,"timestamp":1676775541,"path_taken":["M","M","?","M","M","E","R","E","T","?","M","R","$","M","R","BOSS","M","?","$","?","M","R","E","R","T","?","E","?","M","M","R","BOSS","M","M","?","?","?","R","M","M","T","R","M","?","M","E","R","BOSS"],"build_version":"2022-12-18","purchased_purges":1,"victory":false,"max_hp_per_floor":[72,72,72,72,72,72,72,72,72,72,72,72,72,72,72,72,72,74,74,74,51,53,53,53,53,60,60,62,64,66,66,66,66,66,66,68,68,68,68,68,70,70,70,70,70,70,72,72,72,72],"card_choices":[{"not_picked":["CrushJoints","JustLucky"],"picked":"Evaluate","floor":1.0},{"not_picked":["EmptyBody","PathToVictory"],"picked":"Consecrate","floor":2.0},{"not_picked":["Evaluate","FollowUp"],"picked":"SandsOfTime","floor":4.0},{"not_picked":["CrushJoints","ClearTheMind","Protect"],"picked":"SKIP","floor":5.0},{"not_picked":["FlurryOfBlows","Nirvana"],"picked":"Prostrate","floor":6.0},{"not_picked":["Nirvana","JustLucky"],"picked":"TalkToTheHand","floor":8.0},{"not_picked":["BowlingBash","PathToVictory"],"picked":"EmptyBody","floor":10.0},{"not_picked":["SpiritShield","Consecrate"],"picked":"EmptyFist","floor":11.0},{"not_picked":["Protect","Crescendo"],"picked":"TalkToTheHand","floor":14.0},{"not_picked":["Omniscience","Brilliance"],"picked":"LessonLearned","floor":16.0},{"not_picked":["Consecrate","ReachHeaven","FollowUp"],"picked":"Singing Bowl","floor":18.0},{"not_picked":["BowlingBash","EmptyBody","ThirdEye"],"picked":"Singing Bowl","floor":22.0},{"not_picked":["Fasting2+1","Evaluate+1"],"picked":"InnerPeace","floor":24.0},{"not_picked":["Weave","SashWhip","Ragnarok"],"picked":"Singing Bowl","floor":28.0},{"not_picked":["SignatureMove+1","WreathOfFlame","Consecrate"],"picked":"Singing Bowl","floor":29.0},{"not_picked":["SashWhip+1","PathToVictory","ThirdEye"],"picked":"Singing Bowl","floor":30.0},{"not_picked":["PathToVictory","EmptyBody+1"],"picked":"MentalFortress","floor":31.0},{"not_picked":["Alpha","Establishment"],"picked":"Devotion","floor":33.0},{"not_picked":["Consecrate","PathToVictory+1"],"picked":"FlurryOfBlows+1","floor":35.0},{"not_picked":["Evaluate+1","SashWhip","Protect+1"],"picked":"Singing Bowl","floor":36.0},{"not_picked":["Swivel","CutThroughFate"],"picked":"WheelKick+1","floor":38.0},{"not_picked":["Collect+1","SandsOfTime","FlyingSleeves"],"picked":"Singing Bowl","floor":41.0},{"not_picked":["Prostrate+1","Meditate+1"],"picked":"Vengeance","floor":42.0},{"not_picked":["Evaluate","SashWhip"],"picked":"SpiritShield","floor":45.0},{"not_picked":["FlyingSleeves+1","SashWhip+1","Crescendo"],"picked":"Singing Bowl","floor":47.0},{"not_picked":["ClearTheMind","Brilliance"],"picked":"CutThroughFate","floor":48}],"player_experience":566349,"relics_obtained":[{"floor":6.0,"key":"Old Coin"},{"floor":8.0,"key":"Oddly Smooth Stone"},{"floor":9.0,"key":"PreservedInsect"},{"floor":19.0,"key":"Nilry\u0027s Codex"},{"floor":24.0,"key":"Sundial"},{"floor":26.0,"key":"Strawberry"},{"floor":28.0,"key":"Calipers"},{"floor":43.0,"key":"Frozen Egg 2"},{"floor":48,"key":"Boot"},{"floor":48,"key":"Art of War"}],"event_choices":[{"damage_healed":0.0,"max_hp_gain":0.0,"max_hp_loss":0.0,"gold_gain":100.0,"event_name":"Golden Shrine","player_choice":"Pray","floor":3.0,"gold_loss":0.0,"damage_taken":0.0},{"damage_healed":0.0,"max_hp_gain":0.0,"max_hp_loss":0.0,"gold_gain":0.0,"event_name":"Cursed Tome","player_choice":"Obtained Book","floor":19.0,"gold_loss":0.0,"damage_taken":16.0},{"damage_healed":0.0,"max_hp_gain":0.0,"max_hp_loss":23.0,"gold_gain":0.0,"event_name":"Vampires","player_choice":"Became a vampire","floor":21.0,"gold_loss":0.0,"damage_taken":0.0,"cards_obtained":["Bite","Bite","Bite","Bite","Bite"]},{"cards_removed":["Bite"],"damage_healed":0.0,"max_hp_gain":0.0,"max_hp_loss":0.0,"gold_gain":0.0,"event_name":"WeMeetAgain","player_choice":"Gave Card","floor":27.0,"gold_loss":0.0,"damage_taken":0.0,"relics_obtained":["HornCleat"]},{"cards_removed":["Defend_P"],"damage_healed":0.0,"max_hp_gain":0.0,"max_hp_loss":0.0,"gold_gain":0.0,"event_name":"Purifier","player_choice":"Purged","floor":37.0,"gold_loss":0.0,"damage_taken":0.0},{"damage_healed":0.0,"max_hp_gain":0.0,"max_hp_loss":0.0,"gold_gain":0.0,"event_name":"Upgrade Shrine","player_choice":"Upgraded","floor":39.0,"gold_loss":0.0,"damage_taken":0.0,"cards_upgraded":["MentalFortress"]}],"is_beta":false,"boss_relics":[{"not_picked":["Philosopher\u0027s Stone","SacredBark"],"picked":"Ectoplasm"},{"not_picked":["Empty Cage","Pandora\u0027s Box"],"picked":"Black Star"}],"items_purged_floors":[13],"is_endless":false,"potions_floor_spawned":[2,5,8,11,16,22,24,29,33,38,41,47],"killed_by":"Donu and Deca","ascension_level":7}