{"gold_per_floor":[12,30,40,57,132,132,132,132,132,162,162,52,64,97,97,202,202,218,228,303,314,13,13,47,47,71,171,171,199,217,231,231,326,326,346,1345,1345,798,811,846,846,846,894,915,945,162,173,193,193,193],"floor_reached":51,"playtime":5424,"items_purged":["Strike_P","Defend_P","Strike_P"],"score":1408,"play_id":"35e8d118-53e8-42c3-9398-ac1446fcacf9","local_time":"20230222131520","is_ascension_mode":true,"campfire_choices":[{"data":"Eruption","floor":6.0,"key":"SMITH"},{"floor":8.0,"key":"REST"},{"floor":11.0,"key":"REST"},{"data":"Adaptation","floor":15.0,"key":"SMITH"},{"floor":23.0,"key":"REST"},{"data":"Apotheosis","floor":32.0,"key":"SMITH"},{"data":"Vault","floor":41,"key":"SMITH"},{"data":"Establishment","floor":49,"key":"SMITH"}],"neow_cost":"NO_GOLD","seed_source_timestamp":0,"circlet_count":0,"master_deck":["AscendersBane","Strike_P","Strike_P","Defend_P","Defend_P+1","Eruption+1","Vigilance","SandsOfTime","Meditate","Adaptation+1","EmptyFist","Wireheading","Vault+1","MentalFortress+1","Halt","WaveOfTheHand+1","Apotheosis+1","InnerPeace+1","FlurryOfBlows","Ghostly","Ghostly","Ghostly","Ghostly","Ghostly","InnerPeace","Establishment+1","DevaForm","Normality","EmptyMind","Crescendo","Thinking Ahead"],"special_seed":0,"relics":["HolyWater","Prayer Wheel","Blue Candle","Singing Bowl","PreservedInsect","War Paint","Akabeko","Dead Branch","InkBottle","Ancient Tea Set","SlaversCollar","Vajra","Bag of Marbles","Sling","Damaru","CeramicFish","Happy Flower","Pantograph","White Beast Statue"],"potions_floor_usage":[50],"damage_taken":[{"damage":0.0,"enemies":"Small Slimes","floor":1.0,"turns":3.0},{"damage":2.0,"enemies":"2 Louse","floor":2.0,"turns":4.0},{"damage":1.0,"enemies":"Cultist","floor":3.0,"turns":5.0},{"damage":2.0,"enemies":"Exordium Wildlife","floor":4.0,"turns":4.0},{"damage":40.0,"enemies":"3 Sentries","floor":10.0,"turns":9.0},{"damage":2.0,"enemies":"2 Fungi Beasts","floor":13.0,"turns":4.0},{"damage":2.0,"enemies":"Gremlin Nob","floor":14.0,"turns":3.0},{"damage":10.0,"enemies":"Slime Boss","floor":16.0,"turns":10.0},{"damage":8.0,"enemies":"Shell Parasite","floor":18.0,"turns":5.0},{"damage":10.0,"enemies":"2 Thieves","floor":19.0,"turns":6.0},{"damage":25.0,"enemies":"3 Cultists","floor":21.0,"turns":7.0},{"damage":0.0,"enemies":"Gremlin Leader","floor":24.0,"turns":4.0},{"damage":2.0,"enemies":"Colosseum Slavers","floor":27.0,"turns":4.0},{"damage":2.0,"enemies":"Colosseum Nobs","floor":27.0,"turns":7.0},{"damage":0.0,"enemies":"Book of Stabbing","floor":29.0,"turns":4.0},{"damage":1.0,"enemies":"Shelled Parasite and Fungi","floor":30.0,"turns":4.0},{"damage":1.0,"enemies":"Centurion and Healer","floor":31.0,"turns":6.0},{"damage":0.0,"enemies":"Collector","floor":33.0,"turns":9.0},{"damage":1.0,"enemies":"Orb Walker","floor":35.0,"turns":3.0},{"damage":2.0,"enemies":"3 Darklings","floor":39.0,"turns":6.0},{"damage":4,"enemies":"Reptomancer","floor":40,"turns":5},{"damage":1,"enemies":"Sphere and 2 Shapes","floor":44,"turns":4},{"damage":1,"enemies":"Giant Head","floor":45,"turns":4},{"damage":0,"enemies":"4 Shapes","floor":47,"turns":6},{"damage":1,"enemies":"Spire Growth","floor":48,"turns":5},{"damage":1,"enemies":"Donu and Deca","floor":50,"turns":5}],"seed_played":"-5618589601881759045","potions_obtained":[{"floor":2.0,"key":"SkillPotion"},{"floor":4.0,"key":"Strength Potion"},{"floor":10.0,"key":"SkillPotion"},{"floor":16.0,"key":"DuplicationPotion"},{"floor":18.0,"key":"PowerPotion"},{"floor":21.0,"key":"DistilledChaos"},{"floor":29.0,"key":"LiquidMemories"},{"floor":35.0,"key":"SkillPotion"},{"floor":39.0,"key":"BlessingOfTheForge"},{"floor":45,"key":"SkillPotion"}],"is_trial":false,"path_per_floor":["M","M","M","M","?","R","?","R","T","E","R","$","M","E","R","B",null,"M","M","?","M","$","R","E","?","T","?","?","E","M","M","R","B",null,"M","?","?","$","M","E","R","?","T","M","E","$","M","M","R","B",null],"character_chosen":"WATCHER","items_purchased":["Wireheading","Apotheosis","InnerPeace","FlurryOfBlows","Vajra","Bag of Marbles","Sling","Pantograph","Thinking Ahead","White Beast Statue"],"campfire_rested":3,"item_purchase_floors":[12,22,22,22,38,38,38,46,46,46],"current_hp_per_floor":[65,63,62,60,49,49,49,70,70,32,54,54,56,56,56,46,72,64,58,50,27,27,52,54,44,44,42,42,44,45,48,48,48,53,56,56,56,56,56,54,54,54,54,55,56,56,60,63,63,73],"gold":193,"neow_bonus":"ONE_RARE_RELIC","is_prod":false,"is_daily":false,"chose_seed":false,"campfire_upgraded":5,"win_rate":0,"timestamp":1677100520,"path_taken":["M","M","M","M","?","R","?","R","T","E","R","$","M","E","R","BOSS","M","M","?","?","$","R","E","?","T","?","?","E","M","M","R","BOSS","M","?","?","$","M","E","R","?","T","M","E","$","M","M","R","BOSS"],"build_version":"2022-12-18","purchased_purges":3,"victory":true,"max_hp_per_floor":[72,72,72,72,72,72,72,72,72,74,74,74,78,80,80,80,80,80,84,84,86,86,86,88,44,44,46,46,48,50,54,54,54,54,58,58,58,58,60,62,62,62,62,64,66,66,70,74,74,74],"card_choices":[{"not_picked":["WheelKick","Evaluate"],"picked":"SandsOfTime","floor":1.0},{"not_picked":["Evaluate","Conclude","FlurryOfBlows"],"picked":"SKIP","floor":1.0},{"not_picked":["Evaluate","Conclude","FlurryOfBlows"],"picked":"SKIP","floor":1.0},{"not_picked":["SandsOfTime","Halt"],"picked":"Meditate","floor":2.0},{"not_picked":["PathToVictory","WaveOfTheHand","Evaluate"],"picked":"SKIP","floor":2.0},{"not_picked":["PathToVictory","WaveOfTheHand","Evaluate"],"picked":"SKIP","floor":2.0},{"not_picked":["Weave","ThirdEye"],"picked":"Adaptation","floor":3.0},{"not_picked":["ThirdEye","PathToVictory","JustLucky"],"picked":"SKIP","floor":3.0},{"not_picked":["Evaluate","BowlingBash"],"picked":"EmptyFist","floor":4.0},{"not_picked":["WindmillStrike","EmptyBody","SignatureMove"],"picked":"SKIP","floor":4.0},{"not_picked":["ConjureBlade","SashWhip","Swivel"],"picked":"Singing Bowl","floor":10.0},{"not_picked":["FollowUp","Evaluate","Tantrum"],"picked":"Singing Bowl","floor":13.0},{"not_picked":["CrushJoints","ThirdEye","SignatureMove"],"picked":"Singing Bowl","floor":13.0},{"not_picked":["Wish","ClearTheMind","PathToVictory"],"picked":"Singing Bowl","floor":14.0},{"not_picked":["Establishment","SpiritShield"],"picked":"Vault","floor":16.0},{"not_picked":["CutThroughFate","WreathOfFlame"],"picked":"MentalFortress+1","floor":18.0},{"not_picked":["BattleHymn+1","EmptyFist"],"picked":"Halt","floor":18.0},{"not_picked":["ForeignInfluence","Tantrum","Meditate"],"picked":"Singing Bowl","floor":19.0},{"not_picked":["EmptyBody","Crescendo","BowlingBash+1"],"picked":"Singing Bowl","floor":19.0},{"not_picked":["Conclude","CrushJoints","SignatureMove"],"picked":"Singing Bowl","floor":21.0},{"not_picked":["PathToVictory+1","JustLucky"],"picked":"WaveOfTheHand+1","floor":21.0},{"not_picked":["EmptyFist","ThirdEye","Alpha"],"picked":"Singing Bowl","floor":24.0},{"not_picked":["CrushJoints","Nirvana","Evaluate+1"],"picked":"Singing Bowl","floor":27.0},{"not_picked":["Worship","SandsOfTime","ThirdEye+1"],"picked":"Singing Bowl","floor":29.0},{"not_picked":["SashWhip","Halt","JustLucky"],"picked":"Singing Bowl","floor":30.0},{"not_picked":["Consecrate+1","EmptyMind+1"],"picked":"Establishment","floor":30.0},{"not_picked":["FlurryOfBlows","Indignation","Conclude"],"picked":"Singing Bowl","floor":31.0},{"not_picked":["CrushJoints","CutThroughFate","FlurryOfBlows"],"picked":"Singing Bowl","floor":31.0},{"not_picked":["DeusExMachina","Omniscience"],"picked":"DevaForm","floor":33.0},{"not_picked":["FlurryOfBlows","WreathOfFlame+1","SashWhip+1"],"picked":"Singing Bowl","floor":35.0},{"not_picked":["FlurryOfBlows","Prostrate+1","SandsOfTime"],"picked":"Singing Bowl","floor":35.0},{"not_picked":["WindmillStrike","Worship+1","Protect+1"],"picked":"Singing Bowl","floor":39.0},{"not_picked":["BowlingBash","BattleHymn"],"picked":"EmptyMind","floor":39.0},{"not_picked":["JustLucky","DeceiveReality","Meditate"],"picked":"Singing Bowl","floor":40},{"not_picked":["Prostrate","EmptyFist+1","ClearTheMind+1"],"picked":"Singing Bowl","floor":44},{"not_picked":["SashWhip+1","CrushJoints+1"],"picked":"Crescendo","floor":44},{"not_picked":["Weave","FlurryOfBlows+1","Nirvana+1"],"picked":"Singing Bowl","floor":45},{"not_picked":["FollowUp","Worship+1","EmptyBody"],"picked":"Singing Bowl","floor":47},{"not_picked":["ForeignInfluence","InnerPeace","Brilliance"],"picked":"Singing Bowl","floor":47},{"not_picked":["CarveReality","CrushJoints+1","EmptyFist+1"],"picked":"Singing Bowl","floor":48},{"not_picked":["BowlingBash+1","Sanctity+1","JustLucky"],"picked":"Singing Bowl","floor":48}],"player_experience":610215,"relics_obtained":[{"floor":9.0,"key":"Blue Candle"},{"floor":10.0,"key":"Singing Bowl"},{"floor":14.0,"key":"PreservedInsect"},{"floor":24.0,"key":"War Paint"},{"floor":26.0,"key":"Akabeko"},{"floor":27.0,"key":"Dead Branch"},{"floor":27.0,"key":"InkBottle"},{"floor":29.0,"key":"Ancient Tea Set"},{"floor":40,"key":"Damaru"},{"floor":43,"key":"CeramicFish"},{"floor":45,"key":"Happy Flower"}],"event_choices":[{"damage_healed":0.0,"max_hp_gain":0.0,"max_hp_loss":0.0,"gold_gain":75.0,"event_name":"World of Goop","player_choice":"Gather Gold","floor":5.0,"gold_loss":0.0,"damage_taken":11.0},{"damage_healed":0.0,"max_hp_gain":0.0,"max_hp_loss":0.0,"gold_gain":0.0,"event_name":"Scrap Ooze","player_choice":"Fled","floor":7.0,"gold_loss":0.0,"damage_taken":0.0},{"damage_healed":0.0,"max_hp_gain":0.0,"max_hp_loss":0.0,"gold_gain":75.0,"event_name":"FaceTrader","player_choice":"Touch","floor":20.0,"gold_loss":0.0,"damage_taken":8.0},{"damage_healed":0.0,"max_hp_gain":0.0,"max_hp_loss":44.0,"gold_gain":0.0,"event_name":"Ghosts","player_choice":"Became a Ghost","floor":25.0,"gold_loss":0.0,"damage_taken":0.0,"cards_obtained":["Ghostly","Ghostly","Ghostly","Ghostly","Ghostly"]},{"damage_healed":0.0,"max_hp_gain":0.0,"max_hp_loss":0.0,"gold_gain":0.0,"event_name":"Colosseum","player_choice":"Fight","floor":27.0,"gold_loss":0.0,"damage_taken":0.0},{"damage_healed":0.0,"max_hp_gain":0.0,"max_hp_loss":0.0,"gold_gain":0.0,"event_name":"Colosseum","player_choice":"Fought Nobs","floor":27.0,"gold_loss":0.0,"damage_taken":0.0},{"damage_healed":0.0,"max_hp_gain":0.0,"max_hp_loss":0.0,"gold_gain":0.0,"event_name":"The Library","player_choice":"Read","floor":28.0,"gold_loss":0.0,"damage_taken":0.0,"cards_obtained":["InnerPeace"]},{"damage_healed":0.0,"max_hp_gain":0.0,"max_hp_loss":0.0,"gold_gain":999.0,"event_name":"MindBloom","player_choice":"Gold","floor":36.0,"gold_loss":0.0,"damage_taken":0.0,"cards_obtained":["Normality","Normality"]},{"cards_removed":["Defend_P"],"damage_healed":0.0,"max_hp_gain":0.0,"max_hp_loss":0.0,"gold_gain":0.0,"event_name":"Falling","player_choice":"Removed Skill","floor":37.0,"gold_loss":0.0,"damage_taken":0.0},{"cards_removed":["Normality"],"damage_healed":0,"gold_gain":0,"player_choice":"Purged","damage_taken":0,"max_hp_gain":0,"max_hp_loss":0,"event_name":"Purifier","floor":42,"gold_loss":0}],"is_beta":false,"boss_relics":[{"not_picked":["Empty Cage","Tiny House"],"picked":"HolyWater"},{"not_picked":["Astrolabe","Fusion Hammer"],"picked":"SlaversCollar"}],"items_purged_floors":[12,38,46],"is_endless":false,"potions_floor_spawned":[2,4,10,16,18,21,29,35,39,45,47,48],"ascension_level":10}