{"gold_per_floor":[113,133,153,153,171,171,246,273,345,445,179,198,215,46,46,147,147,121,140,140,150,150,179,179,205,231,231,249,249,268,66,66,161,161,172,186,77,77,6,6,21,21,45,45,77,42,58,77,77,77],"floor_reached":51,"playtime":4602,"items_purged":["Strike_P","Defend_P","Defend_P"],"score":1136,"play_id":"a1ce288b-243c-4b9a-a0d4-a3e513ba64e7","local_time":"20230224132141","is_ascension_mode":true,"campfire_choices":[{"floor":6.0,"key":"REST"},{"floor":15.0,"key":"REST"},{"data":"Eruption","floor":24.0,"key":"SMITH"},{"data":"MentalFortress","floor":27.0,"key":"SMITH"},{"data":"Meditate","floor":29.0,"key":"SMITH"},{"data":"Adaptation","floor":32.0,"key":"SMITH"},{"data":"Worship","floor":40.0,"key":"SMITH"},{"data":"Establishment","floor":44.0,"key":"SMITH"},{"data":"Halt","floor":49.0,"key":"SMITH"}],"neow_cost":"NONE","seed_source_timestamp":133813590672600,"circlet_count":0,"master_deck":["AscendersBane","Defend_P","Defend_P+1","Eruption+1","Vigilance+1","FlyingSleeves","Halt+1","Meditate+1","MentalFortress+1","Devotion","LikeWater+1","Bite+1","Bite+1","Bite+1","Bite+1","Bite+1","EmptyMind+1","Vengeance","CutThroughFate+1","WheelKick+1","Adaptation+1","Establishment+1","MentalFortress","Worship+1","WindmillStrike+1","Adaptation"],"special_seed":0,"relics":["PureWater","Thread and Needle","Molten Egg 2","Regal Pillow","VioletLotus","Damaru","Lantern","Bag of Preparation","Busted Crown","Boot","Bag of Marbles"],"potions_floor_usage":[50,50],"damage_taken":[{"damage":7.0,"enemies":"Cultist","floor":1.0,"turns":3.0},{"damage":0.0,"enemies":"Small Slimes","floor":2.0,"turns":3.0},{"damage":0.0,"enemies":"2 Louse","floor":3.0,"turns":2.0},{"damage":1.0,"enemies":"Blue Slaver","floor":5.0,"turns":4.0},{"damage":54.0,"enemies":"Lagavulin","floor":8.0,"turns":7.0},{"damage":0.0,"enemies":"Exordium Wildlife","floor":12.0,"turns":5.0},{"damage":0.0,"enemies":"Exordium Thugs","floor":13.0,"turns":3.0},{"damage":13.0,"enemies":"The Guardian","floor":16.0,"turns":20.0},{"damage":16.0,"enemies":"2 Thieves","floor":18.0,"turns":5.0},{"damage":18.0,"enemies":"Chosen","floor":19.0,"turns":7.0},{"damage":14.0,"enemies":"Centurion and Healer","floor":21.0,"turns":10.0},{"damage":50.0,"enemies":"Slavers","floor":23.0,"turns":10.0},{"damage":18.0,"enemies":"Gremlin Leader","floor":25.0,"turns":6.0},{"damage":0.0,"enemies":"Chosen and Byrds","floor":28.0,"turns":4.0},{"damage":0.0,"enemies":"Snecko","floor":30.0,"turns":5.0},{"damage":18.0,"enemies":"Collector","floor":33.0,"turns":8.0},{"damage":2.0,"enemies":"Orb Walker","floor":35.0,"turns":3.0},{"damage":13.0,"enemies":"3 Shapes","floor":36.0,"turns":6.0},{"damage":33.0,"enemies":"Jaw Worm Horde","floor":41.0,"turns":4.0},{"damage":0.0,"enemies":"Giant Head","floor":45.0,"turns":6.0},{"damage":0.0,"enemies":"Sphere and 2 Shapes","floor":47.0,"turns":3.0},{"damage":1.0,"enemies":"Spire Growth","floor":48.0,"turns":4.0},{"damage":81,"enemies":"Awakened One","floor":50,"turns":9}],"seed_played":"-217368283185857506","potions_obtained":[{"floor":5.0,"key":"Swift Potion"},{"floor":8.0,"key":"Fire Potion"},{"floor":13.0,"key":"AttackPotion"},{"floor":19.0,"key":"Fruit Juice"},{"floor":25.0,"key":"Strength Potion"},{"floor":33.0,"key":"Dexterity Potion"},{"floor":36.0,"key":"BlessingOfTheForge"},{"floor":41.0,"key":"CultistPotion"}],"is_trial":false,"path_per_floor":["M","M","M","?","M","R","?","E","T","?","$","M","M","$","R","B",null,"M","M","?","M","?","E","R","E","T","R","M","R","M","$","R","B",null,"M","M","$","?","$","R","M","?","T","R","E","$","M","M","R","B",null],"character_chosen":"WATCHER","items_purchased":["Regal Pillow","Meditate","MentalFortress","Adaptation","MentalFortress","Worship","WindmillStrike+1","Adaptation"],"campfire_rested":2,"item_purchase_floors":[11,11,14,31,37,37,39,46],"current_hp_per_floor":[65,65,65,49,48,71,60,6,6,6,6,6,6,6,44,31,67,51,38,38,58,58,38,38,56,56,56,58,58,58,58,58,58,58,56,58,58,58,58,58,49,49,49,49,58,58,58,58,58,13],"gold":77,"neow_bonus":"TEN_PERCENT_HP_BONUS","is_prod":false,"is_daily":false,"chose_seed":false,"campfire_upgraded":7,"win_rate":0,"timestamp":1677273701,"path_taken":["M","M","M","?","M","R","?","E","T","?","$","?","M","?","R","BOSS","M","M","?","M","?","E","R","E","T","R","M","R","?","?","R","BOSS","M","M","$","?","?","R","M","?","T","R","E","?","?","M","R","BOSS"],"build_version":"2022-12-18","purchased_purges":3,"victory":true,"max_hp_per_floor":[79,79,79,79,79,79,79,79,79,79,79,79,79,79,79,79,79,79,84,58,58,58,58,58,58,58,58,58,58,58,58,58,58,58,58,58,58,58,58,58,58,58,58,58,58,58,58,58,58,58],"card_choices":[{"not_picked":["Consecrate","Halt"],"picked":"FlyingSleeves","floor":1.0},{"not_picked":["Fasting2","FollowUp","WindmillStrike"],"picked":"SKIP","floor":2.0},{"not_picked":["FlyingSleeves","JustLucky"],"picked":"Halt","floor":3.0},{"not_picked":["PathToVictory","EmptyBody","Perseverance"],"picked":"SKIP","floor":5.0},{"not_picked":["Protect","ThirdEye","Ragnarok"],"picked":"SKIP","floor":8.0},{"not_picked":["Halt","Prostrate","EmptyBody"],"picked":"SKIP","floor":12.0},{"not_picked":["Halt","Prostrate","EmptyBody"],"picked":"SKIP","floor":12.0},{"not_picked":["Halt","FlyingSleeves+1","FollowUp+1"],"picked":"SKIP","floor":13.0},{"not_picked":["DevaForm","MasterReality"],"picked":"Devotion","floor":16.0},{"not_picked":["CrushJoints+1","Swivel","JustLucky+1"],"picked":"SKIP","floor":18.0},{"not_picked":["Prostrate","Halt"],"picked":"LikeWater+1","floor":19.0},{"not_picked":["ThirdEye","WreathOfFlame"],"picked":"EmptyMind+1","floor":21.0},{"not_picked":["Halt+1","FlyingSleeves+1"],"picked":"CutThroughFate+1","floor":23.0},{"not_picked":["Crescendo","FollowUp+1","FlurryOfBlows+1"],"picked":"SKIP","floor":25.0},{"not_picked":["ThirdEye","Consecrate+1"],"picked":"WheelKick+1","floor":28.0},{"not_picked":["Wireheading","Fasting2","CutThroughFate+1"],"picked":"SKIP","floor":30.0},{"not_picked":["Ragnarok+1","Alpha"],"picked":"Establishment","floor":33.0},{"not_picked":["ThirdEye+1"],"picked":"SKIP","floor":35.0},{"not_picked":["Sanctity+1"],"picked":"SKIP","floor":36.0},{"not_picked":["EmptyFist+1"],"picked":"SKIP","floor":41.0},{"not_picked":["Worship"],"picked":"SKIP","floor":45.0},{"not_picked":["Prostrate+1"],"picked":"SKIP","floor":47.0},{"not_picked":["Indignation"],"picked":"SKIP","floor":48.0}],"player_experience":627525,"relics_obtained":[{"floor":8.0,"key":"Thread and Needle"},{"floor":9.0,"key":"Molten Egg 2"},{"floor":23.0,"key":"Damaru"},{"floor":25.0,"key":"Lantern"},{"floor":26.0,"key":"Bag of Preparation"},{"floor":43.0,"key":"Boot"},{"floor":45.0,"key":"Bag of Marbles"}],"event_choices":[{"damage_healed":0.0,"max_hp_gain":0.0,"max_hp_loss":0.0,"gold_gain":0.0,"event_name":"Shining Light","player_choice":"Entered Light","floor":4.0,"gold_loss":0.0,"damage_taken":16.0,"cards_upgraded":["Vigilance","Defend_P"]},{"damage_healed":0.0,"max_hp_gain":0.0,"max_hp_loss":0.0,"gold_gain":75.0,"event_name":"World of Goop","player_choice":"Gather Gold","floor":7.0,"gold_loss":0.0,"damage_taken":11.0},{"damage_healed":0.0,"max_hp_gain":0.0,"max_hp_loss":0.0,"gold_gain":100.0,"event_name":"Wheel of Change","player_choice":"Gold","floor":10.0,"gold_loss":0.0,"damage_taken":0.0},{"damage_healed":0.0,"max_hp_gain":0.0,"max_hp_loss":26.0,"gold_gain":0.0,"event_name":"Vampires","player_choice":"Became a vampire","floor":20.0,"gold_loss":0.0,"damage_taken":0.0,"cards_obtained":["Bite","Bite","Bite","Bite","Bite"]},{"damage_healed":0.0,"max_hp_gain":0.0,"max_hp_loss":0.0,"gold_gain":0.0,"event_name":"The Library","player_choice":"Read","floor":22.0,"gold_loss":0.0,"damage_taken":0.0,"cards_obtained":["Vengeance"]},{"damage_healed":0.0,"max_hp_gain":0.0,"max_hp_loss":0.0,"gold_gain":0.0,"event_name":"SecretPortal","player_choice":"Ignored","floor":38.0,"gold_loss":0.0,"damage_taken":0.0},{"damage_healed":0.0,"max_hp_gain":0.0,"max_hp_loss":0.0,"gold_gain":0.0,"event_name":"Mysterious Sphere","player_choice":"Ignored","floor":42.0,"gold_loss":0.0,"damage_taken":0.0}],"is_beta":false,"boss_relics":[{"not_picked":["Runic Dome","Cursed Key"],"picked":"VioletLotus"},{"not_picked":["Empty Cage","Sozu"],"picked":"Busted Crown"}],"items_purged_floors":[11,14,31],"is_endless":false,"potions_floor_spawned":[5,8,13,19,25,33,36,41,47],"ascension_level":11}