{"gold_per_floor":[16,33,45,45,60,88,88,102,102,102,127,160,38,52,52,147,147,157,117,129,7,7,7,40,40,40,57,86,100,114,146,146,241,241,256,276,276,288,288,288,315,361,387,387,122,122,132,182,182,182],"floor_reached":51,"playtime":5289,"items_purged":["Defend_P","Defend_P"],"score":1183,"play_id":"902bb918-59ac-4445-9a1b-ed8de7b759e0","local_time":"20230221132244","is_ascension_mode":true,"campfire_choices":[{"floor":7.0,"key":"REST"},{"data":"Eruption","floor":10.0,"key":"SMITH"},{"floor":15.0,"key":"REST"},{"data":"Adaptation","floor":23.0,"key":"SMITH"},{"floor":25.0,"key":"REST"},{"data":"MentalFortress","floor":32.0,"key":"SMITH"},{"floor":44,"key":"REST"},{"data":"Apotheosis","floor":46,"key":"SMITH"},{"floor":49,"key":"REST"}],"neow_cost":"NO_GOLD","seed_source_timestamp":370688973795800,"circlet_count":0,"master_deck":["Strike_P","Strike_P+1","Strike_P+1","Eruption+1","Vigilance+1","Halt+1","InnerPeace","FlurryOfBlows+1","Wallop+1","CutThroughFate+1","FearNoEvil","Vault+1","Adaptation+1","EmptyFist","MentalFortress+1","LessonLearned+1","MentalFortress+1","Master of Strategy","Writhe","Apotheosis+1"],"special_seed":0,"relics":["PureWater","Nunchaku","CloakClasp","Odd Mushroom","Prayer Wheel","Busted Crown","Gambling Chip","Bag of Marbles","Bottled Lightning","Anchor","VioletLotus","Mercury Hourglass","Du-Vu Doll","Boot","Unceasing Top"],"potions_floor_usage":[50,50],"damage_taken":[{"damage":5.0,"enemies":"Small Slimes","floor":1.0,"turns":3.0},{"damage":2.0,"enemies":"Jaw Worm","floor":2.0,"turns":5.0},{"damage":0.0,"enemies":"Cultist","floor":3.0,"turns":4.0},{"damage":0.0,"enemies":"Looter","floor":5.0,"turns":3.0},{"damage":20.0,"enemies":"3 Sentries","floor":6.0,"turns":8.0},{"damage":0.0,"enemies":"3 Louse","floor":8.0,"turns":3.0},{"damage":0.0,"enemies":"The Mushroom Lair","floor":11.0,"turns":4.0},{"damage":8.0,"enemies":"Gremlin Nob","floor":12.0,"turns":3.0},{"damage":0.0,"enemies":"2 Fungi Beasts","floor":14.0,"turns":2.0},{"damage":0.0,"enemies":"Slime Boss","floor":16.0,"turns":5.0},{"damage":0.0,"enemies":"Shell Parasite","floor":18.0,"turns":3.0},{"damage":0.0,"enemies":"3 Byrds","floor":20.0,"turns":3.0},{"damage":17.0,"enemies":"Gremlin Leader","floor":24.0,"turns":5.0},{"damage":0.0,"enemies":"Sentry and Sphere","floor":27.0,"turns":3.0},{"damage":0.0,"enemies":"Slavers","floor":28.0,"turns":3.0},{"damage":0.0,"enemies":"Chosen and Byrds","floor":29.0,"turns":4.0},{"damage":0.0,"enemies":"Snecko","floor":30.0,"turns":3.0},{"damage":0.0,"enemies":"Gremlin Leader","floor":31.0,"turns":5.0},{"damage":0.0,"enemies":"Collector","floor":33.0,"turns":8.0},{"damage":0.0,"enemies":"Orb Walker","floor":35.0,"turns":4.0},{"damage":20.0,"enemies":"3 Darklings","floor":36.0,"turns":5.0},{"damage":3,"enemies":"4 Shapes","floor":38,"turns":7},{"damage":34,"enemies":"Giant Head","floor":41,"turns":9},{"damage":7,"enemies":"2 Orb Walkers","floor":42,"turns":5},{"damage":0,"enemies":"Jaw Worm Horde","floor":47,"turns":2},{"damage":0,"enemies":"Mind Bloom Boss Battle","floor":48,"turns":5},{"damage":65,"enemies":"Time Eater","floor":50,"turns":9}],"seed_played":"-8063771955498646986","potions_obtained":[{"floor":3.0,"key":"Block Potion"},{"floor":5.0,"key":"FairyPotion"},{"floor":6.0,"key":"FearPotion"},{"floor":14.0,"key":"FairyPotion"},{"floor":20.0,"key":"Strength Potion"},{"floor":30.0,"key":"SkillPotion"},{"floor":33.0,"key":"Dexterity Potion"},{"floor":47,"key":"StancePotion"},{"floor":48,"key":"CultistPotion"}],"is_trial":false,"path_per_floor":["M","M","M","?","M","E","R","M","T","R","?","E","$","M","R","B",null,"M","?","M","$","?","R","E","R","T","M","E","M","M","E","R","B",null,"M","M","?","M","?","?","E","?","T","R","$","R","M","?","R","B",null],"character_chosen":"WATCHER","items_purchased":["Evaluate","Adaptation","EmptyFist","Apotheosis"],"campfire_rested":5,"item_purchase_floors":[13,21,21,45],"current_hp_per_floor":[60,58,58,51,51,31,52,52,52,52,52,44,44,44,65,65,70,70,70,70,70,57,57,40,63,63,63,63,63,63,63,63,63,74,74,54,54,51,51,70,36,29,29,52,52,52,52,52,75,10],"gold":182,"neow_bonus":"REMOVE_TWO","is_prod":false,"is_daily":false,"chose_seed":false,"campfire_upgraded":4,"win_rate":0,"timestamp":1677014564,"path_taken":["M","M","M","?","M","E","R","M","T","R","?","E","$","M","R","BOSS","M","?","M","$","?","R","E","R","T","M","E","M","M","E","R","BOSS","M","M","?","M","?","?","E","?","T","R","?","R","M","?","R","BOSS"],"build_version":"2022-12-18","purchased_purges":2,"victory":true,"max_hp_per_floor":[72,72,72,72,72,72,72,72,72,72,72,72,72,72,72,72,72,72,72,72,72,77,77,77,77,77,77,77,77,77,77,77,77,77,77,77,77,77,77,77,77,77,77,77,77,77,77,77,77,77],"card_choices":[{"not_picked":["DeceiveReality","Wireheading"],"picked":"Halt","floor":1.0},{"not_picked":["SandsOfTime","CrushJoints"],"picked":"InnerPeace","floor":2.0},{"not_picked":["ThirdEye","FlyingSleeves"],"picked":"FlurryOfBlows","floor":3.0},{"not_picked":["WaveOfTheHand","Consecrate","WheelKick"],"picked":"SKIP","floor":5.0},{"not_picked":["SashWhip","Perseverance","EmptyBody"],"picked":"SKIP","floor":6.0},{"not_picked":["Meditate","EmptyFist"],"picked":"Wallop","floor":8.0},{"not_picked":["Halt","DeceiveReality"],"picked":"CutThroughFate","floor":11.0},{"not_picked":["FollowUp","SashWhip","ConjureBlade"],"picked":"SKIP","floor":12.0},{"not_picked":["Sanctity","FlyingSleeves"],"picked":"FearNoEvil","floor":14.0},{"not_picked":["FearNoEvil","Consecrate","FlurryOfBlows"],"picked":"SKIP","floor":14.0},{"not_picked":["FearNoEvil","Consecrate","FlurryOfBlows"],"picked":"SKIP","floor":14.0},{"not_picked":["Establishment","Blasphemy"],"picked":"Vault","floor":16.0},{"not_picked":["WaveOfTheHand"],"picked":"SKIP","floor":18.0},{"not_picked":["CrushJoints"],"picked":"SKIP","floor":18.0},{"not_picked":["Prostrate+1"],"picked":"SKIP","floor":20.0},{"not_picked":["FearNoEvil"],"picked":"SKIP","floor":20.0},{"not_picked":["Prostrate+1"],"picked":"SKIP","floor":20.0},{"not_picked":["FearNoEvil"],"picked":"SKIP","floor":20.0},{"not_picked":["SashWhip"],"picked":"SKIP","floor":24.0},{"not_picked":["BowlingBash"],"picked":"SKIP","floor":27.0},{"not_picked":["FearNoEvil+1"],"picked":"SKIP","floor":27.0},{"not_picked":["Perseverance"],"picked":"SKIP","floor":28.0},{"not_picked":[],"picked":"MentalFortress","floor":29.0},{"not_picked":["ClearTheMind"],"picked":"SKIP","floor":29.0},{"not_picked":["BattleHymn+1"],"picked":"SKIP","floor":30.0},{"not_picked":["Evaluate"],"picked":"SKIP","floor":30.0},{"not_picked":["FlyingSleeves"],"picked":"SKIP","floor":31.0},{"not_picked":[],"picked":"LessonLearned","floor":33.0},{"not_picked":["PathToVictory"],"picked":"SKIP","floor":35.0},{"not_picked":["Halt"],"picked":"SKIP","floor":35.0},{"not_picked":["FlurryOfBlows+1"],"picked":"SKIP","floor":36.0},{"not_picked":["CutThroughFate"],"picked":"SKIP","floor":36.0},{"not_picked":[],"picked":"MentalFortress+1","floor":38},{"not_picked":["CutThroughFate+1"],"picked":"SKIP","floor":38},{"not_picked":[],"picked":"Master of Strategy","floor":39},{"not_picked":["FlyingSleeves"],"picked":"SKIP","floor":41},{"not_picked":["ClearTheMind"],"picked":"SKIP","floor":47},{"not_picked":["BowlingBash"],"picked":"SKIP","floor":47}],"player_experience":590957,"relics_obtained":[{"floor":6.0,"key":"Nunchaku"},{"floor":9.0,"key":"CloakClasp"},{"floor":11.0,"key":"Odd Mushroom"},{"floor":12.0,"key":"Prayer Wheel"},{"floor":24.0,"key":"Gambling Chip"},{"floor":26.0,"key":"Bag of Marbles"},{"floor":28.0,"key":"Bottled Lightning"},{"floor":31.0,"key":"Anchor"},{"floor":41,"key":"Mercury Hourglass"},{"floor":42,"key":"Du-Vu Doll"},{"floor":43,"key":"Boot"},{"floor":48,"key":"Unceasing Top"}],"event_choices":[{"cards_removed":["Defend_P"],"damage_healed":0.0,"max_hp_gain":0.0,"max_hp_loss":0.0,"gold_gain":0.0,"event_name":"Golden Wing","player_choice":"Card Removal","floor":4.0,"gold_loss":0.0,"damage_taken":7.0},{"damage_healed":0.0,"max_hp_gain":0.0,"max_hp_loss":0.0,"gold_gain":0.0,"event_name":"Mushrooms","player_choice":"Fought Mushrooms","floor":11.0,"gold_loss":0.0,"damage_taken":0.0},{"damage_healed":0.0,"max_hp_gain":0.0,"max_hp_loss":0.0,"gold_gain":0.0,"event_name":"Designer","player_choice":"Upgraded Two","floor":19.0,"gold_loss":40.0,"damage_taken":0.0,"cards_upgraded":["FlurryOfBlows","Halt"]},{"damage_healed":0.0,"max_hp_gain":5.0,"max_hp_loss":0.0,"gold_gain":0.0,"event_name":"Forgotten Altar","player_choice":"Shed Blood","floor":22.0,"gold_loss":0.0,"damage_taken":18.0},{"cards_removed":["Evaluate"],"damage_healed":0.0,"max_hp_gain":0.0,"max_hp_loss":0.0,"gold_gain":0.0,"event_name":"Falling","player_choice":"Removed Skill","floor":37.0,"gold_loss":0.0,"damage_taken":0.0},{"damage_healed":0,"gold_gain":0,"player_choice":"Memory 1","damage_taken":0,"max_hp_gain":0,"max_hp_loss":0,"event_name":"SensoryStone","floor":39,"gold_loss":0},{"damage_healed":19,"gold_gain":0,"player_choice":"Writhe","damage_taken":0,"max_hp_gain":0,"max_hp_loss":0,"event_name":"Winding Halls","floor":40,"gold_loss":0,"cards_obtained":["Writhe"]},{"damage_healed":0,"gold_gain":0,"player_choice":"Fight","damage_taken":0,"max_hp_gain":0,"max_hp_loss":0,"event_name":"Mysterious Sphere","floor":42,"gold_loss":0},{"damage_healed":0,"gold_gain":0,"player_choice":"Fight","damage_taken":0,"max_hp_gain":0,"max_hp_loss":0,"event_name":"MindBloom","floor":48,"gold_loss":0}],"is_beta":false,"boss_relics":[{"not_picked":["Velvet Choker","Tiny House"],"picked":"Busted Crown"},{"not_picked":["SacredBark","Snecko Eye"],"picked":"VioletLotus"}],"items_purged_floors":[13,45],"is_endless":false,"potions_floor_spawned":[3,5,6,14,20,29,30,33,36,38,47,48],"ascension_level":8}