{"gold_per_floor":[10,27,27,40,57,92,92,123,123,123,298,317,278,296,296,399,399,415,17,27,27,41,41,66,66,93,104,115,133,133,153,153,251,251,271,283,193,193],"floor_reached":38,"playtime":2384,"items_purged":["Doubt"],"score":656,"play_id":"a306264d-ee46-46b2-b326-1aba07421ed5","local_time":"20230302140249","is_ascension_mode":true,"campfire_choices":[{"floor":7.0,"key":"REST"},{"floor":10.0,"key":"REST"},{"data":"TalkToTheHand","floor":15.0,"key":"SMITH"},{"data":"Crescendo","floor":23.0,"key":"SMITH"},{"floor":25.0,"key":"REST"},{"floor":32.0,"key":"REST"}],"neow_cost":"NO_GOLD","seed_source_timestamp":0,"circlet_count":0,"master_deck":["AscendersBane","Strike_P+1","Strike_P","Strike_P","Strike_P","Defend_P","Defend_P","Defend_P","Eruption+1","Vigilance","CutThroughFate+1","FollowUp+1","TalkToTheHand+1","Halt","WindmillStrike","EmptyMind","Establishment","InnerPeace","MentalFortress+1","Crescendo+1","Vault","Vault"],"special_seed":0,"relics":["HolyWater","Mango","Nunchaku","StrikeDummy","Frozen Egg 2","Nloth\u0027s Gift","Pantograph","Bag of Marbles","Cursed Key"],"potions_floor_usage":[],"damage_taken":[{"damage":2.0,"enemies":"Cultist","floor":1.0,"turns":4.0},{"damage":2.0,"enemies":"Small Slimes","floor":2.0,"turns":3.0},{"damage":0.0,"enemies":"2 Louse","floor":4.0,"turns":1.0},{"damage":21.0,"enemies":"Exordium Thugs","floor":5.0,"turns":5.0},{"damage":21.0,"enemies":"Gremlin Nob","floor":6.0,"turns":4.0},{"damage":47.0,"enemies":"3 Sentries","floor":8.0,"turns":10.0},{"damage":6.0,"enemies":"Large Slime","floor":12.0,"turns":3.0},{"damage":0.0,"enemies":"Gremlin Gang","floor":14.0,"turns":2.0},{"damage":11.0,"enemies":"The Guardian","floor":16.0,"turns":8.0},{"damage":17.0,"enemies":"Spheric Guardian","floor":18.0,"turns":3.0},{"damage":0.0,"enemies":"3 Byrds","floor":20.0,"turns":5.0},{"damage":4.0,"enemies":"Snecko","floor":22.0,"turns":4.0},{"damage":28.0,"enemies":"Gremlin Leader","floor":24.0,"turns":3.0},{"damage":0.0,"enemies":"Cultist and Chosen","floor":27.0,"turns":3.0},{"damage":7.0,"enemies":"Chosen and Byrds","floor":28.0,"turns":4.0},{"damage":1.0,"enemies":"Snecko","floor":29.0,"turns":4.0},{"damage":0.0,"enemies":"3 Cultists","floor":31.0,"turns":3.0},{"damage":54.0,"enemies":"Champ","floor":33.0,"turns":13.0},{"damage":0.0,"enemies":"Orb Walker","floor":35.0,"turns":3.0},{"damage":44.0,"enemies":"3 Darklings","floor":36.0,"turns":7.0},{"damage":34,"enemies":"Transient","floor":38,"turns":5}],"seed_played":"-5280859916838971338","potions_obtained":[{"floor":2.0,"key":"Ancient Potion"},{"floor":6.0,"key":"BottledMiracle"},{"floor":8.0,"key":"AttackPotion"},{"floor":16.0,"key":"SmokeBomb"},{"floor":18.0,"key":"Explosive Potion"},{"floor":22.0,"key":"GamblersBrew"},{"floor":27.0,"key":"SneckoOil"},{"floor":28.0,"key":"SpeedPotion"},{"floor":29.0,"key":"BlessingOfTheForge"}],"is_trial":false,"path_per_floor":["M","M","?","M","M","E","R","E","T","R","?","M","?","M","R","B",null,"M","$","M","?","M","R","E","R","T","M","M","M","?","M","R","B",null,"M","M","?","M"],"character_chosen":"WATCHER","items_purchased":["Frozen Egg 2","MentalFortress+1"],"campfire_rested":4,"item_purchase_floors":[19,19],"current_hp_per_floor":[77,75,75,75,54,33,58,11,11,36,36,30,30,30,30,19,69,52,52,52,52,48,48,20,45,45,45,38,37,37,37,62,32,73,73,29,29,0],"gold":193,"neow_bonus":"ONE_RARE_RELIC","is_prod":false,"is_daily":false,"chose_seed":false,"campfire_upgraded":2,"win_rate":0,"timestamp":1677794569,"path_taken":["M","M","?","M","M","E","R","E","T","R","?","M","?","M","R","BOSS","M","$","M","?","?","R","E","R","T","M","M","M","?","M","R","BOSS","M","?","?","?"],"build_version":"2022-12-18","purchased_purges":1,"victory":false,"max_hp_per_floor":[86,86,86,86,86,86,86,86,86,86,86,86,86,86,86,86,86,86,86,86,86,86,86,86,86,86,86,86,86,86,86,86,86,86,86,86,86,86],"card_choices":[{"not_picked":["CrushJoints","PathToVictory","ClearTheMind"],"picked":"SKIP","floor":1.0},{"not_picked":["Swivel","ConjureBlade"],"picked":"CutThroughFate","floor":2.0},{"not_picked":["ThirdEye","Evaluate"],"picked":"FollowUp","floor":4.0},{"not_picked":["Collect","JustLucky","FollowUp"],"picked":"SKIP","floor":5.0},{"not_picked":["PathToVictory","Sanctity"],"picked":"TalkToTheHand","floor":6.0},{"not_picked":["EmptyBody","Judgement"],"picked":"Halt","floor":8.0},{"not_picked":["ClearTheMind","Swivel"],"picked":"WindmillStrike","floor":12.0},{"not_picked":["Swivel","Evaluate"],"picked":"EmptyMind","floor":14.0},{"not_picked":["ConjureBlade","Blasphemy"],"picked":"Establishment","floor":16.0},{"not_picked":["FlurryOfBlows","PathToVictory"],"picked":"InnerPeace","floor":18.0},{"not_picked":["Pray","SashWhip","CarveReality"],"picked":"SKIP","floor":20.0},{"not_picked":["SpiritShield","BowlingBash"],"picked":"Crescendo","floor":22.0},{"not_picked":["ThirdEye","Evaluate","CrushJoints"],"picked":"SKIP","floor":24.0},{"not_picked":["Crescendo","WheelKick","Pray"],"picked":"SKIP","floor":27.0},{"not_picked":["BowlingBash","CrushJoints"],"picked":"Vault","floor":28.0},{"not_picked":["Alpha","CrushJoints","ReachHeaven+1"],"picked":"SKIP","floor":29.0},{"not_picked":["Perseverance","EmptyMind","SignatureMove"],"picked":"SKIP","floor":31.0},{"not_picked":["Perseverance","EmptyMind","SignatureMove"],"picked":"SKIP","floor":31.0},{"not_picked":["Wish","Brilliance"],"picked":"Vault","floor":33.0},{"not_picked":["CutThroughFate+1","PathToVictory+1","ClearTheMind"],"picked":"SKIP","floor":35.0},{"not_picked":["BowlingBash+1","ForeignInfluence","Swivel"],"picked":"SKIP","floor":36.0}],"player_experience":641809,"relics_obtained":[{"floor":6.0,"key":"Nunchaku"},{"floor":8.0,"key":"Whetstone"},{"floor":9.0,"key":"StrikeDummy"},{"floor":24.0,"key":"Pantograph"},{"floor":26.0,"key":"Bag of Marbles"}],"event_choices":[{"damage_healed":0.0,"max_hp_gain":0.0,"max_hp_loss":0.0,"gold_gain":0.0,"event_name":"Living Wall","player_choice":"Grow","floor":3.0,"gold_loss":0.0,"damage_taken":0.0,"cards_upgraded":["Eruption"]},{"damage_healed":0.0,"max_hp_gain":0.0,"max_hp_loss":0.0,"gold_gain":175.0,"event_name":"Liars Game","player_choice":"AGREE","floor":11.0,"gold_loss":0.0,"damage_taken":0.0,"cards_obtained":["Doubt"]},{"damage_healed":0.0,"max_hp_gain":0.0,"max_hp_loss":0.0,"gold_gain":0.0,"event_name":"World of Goop","player_choice":"Left Gold","floor":13.0,"gold_loss":39.0,"damage_taken":0.0},{"damage_healed":0.0,"max_hp_gain":0.0,"max_hp_loss":0.0,"gold_gain":0.0,"event_name":"N\u0027loth","player_choice":"Traded Relic","floor":21.0,"relics_lost":["Whetstone"],"gold_loss":0.0,"damage_taken":0.0,"relics_obtained":["Nloth\u0027s Gift"]},{"damage_healed":0.0,"max_hp_gain":0.0,"max_hp_loss":0.0,"gold_gain":0.0,"event_name":"FaceTrader","player_choice":"Leave","floor":30.0,"gold_loss":0.0,"damage_taken":0.0},{"cards_removed":["Defend_P"],"damage_healed":0.0,"max_hp_gain":0.0,"max_hp_loss":0.0,"gold_gain":0.0,"event_name":"Designer","player_choice":"Upgrade and Remove","floor":37.0,"gold_loss":90.0,"damage_taken":0.0,"cards_upgraded":["CutThroughFate"]}],"is_beta":false,"boss_relics":[{"not_picked":["Ectoplasm","SacredBark"],"picked":"HolyWater"},{"not_picked":["Astrolabe","Empty Cage"],"picked":"Cursed Key"}],"items_purged_floors":[19],"is_endless":false,"potions_floor_spawned":[2,6,8,16,18,22,27,28,29],"killed_by":"Transient","ascension_level":12}