{"gold_per_floor":[119,139,158,172,185,185,213,229,229,246,246,277,277,75,75,146,146,163,193,212,262,280,309,309,322,370,370,370,370,384,384,384,461,461,479,494,199,199,246,258,282,294,378,390,31,58,58,78,78,78],"floor_reached":51,"playtime":9059,"items_purged":["Defend_P","Strike_P","Strike_P"],"score":1205,"play_id":"b173af22-458b-497e-8a20-f02a0b7ae345","local_time":"20230315144117","is_ascension_mode":true,"campfire_choices":[{"data":"Eruption","floor":6.0,"key":"SMITH"},{"floor":15.0,"key":"REST"},{"floor":24.0,"key":"REST"},{"floor":27.0,"key":"REST"},{"data":"Adaptation","floor":29.0,"key":"SMITH"},{"floor":32.0,"key":"REST"},{"floor":42,"key":"REST"},{"floor":44,"key":"REST"},{"floor":49,"key":"REST"}],"neow_cost":"TEN_PERCENT_HP_LOSS","seed_source_timestamp":0,"circlet_count":0,"master_deck":["AscendersBane","Defend_P","Eruption+1","Vigilance","Wireheading","EmptyFist","Halt","TalkToTheHand+1","FearNoEvil+1","InnerPeace","TalkToTheHand+1","Adaptation+1","EmptyMind+1","LessonLearned+1","FlurryOfBlows"],"special_seed":0,"relics":["PureWater","Strawberry","Vajra","Akabeko","SacredBark","Red Mask","Dream Catcher","Tiny Chest","Runic Dome","Pen Nib","MawBank","Frozen Egg 2","Nunchaku","Sundial","Boot"],"potions_floor_usage":[41,41,50,50],"damage_taken":[{"damage":8.0,"enemies":"Small Slimes","floor":1.0,"turns":4.0},{"damage":5.0,"enemies":"2 Louse","floor":2.0,"turns":3.0},{"damage":7.0,"enemies":"Jaw Worm","floor":3.0,"turns":4.0},{"damage":0.0,"enemies":"3 Louse","floor":4.0,"turns":5.0},{"damage":10.0,"enemies":"Large Slime","floor":5.0,"turns":6.0},{"damage":7.0,"enemies":"Lagavulin","floor":7.0,"turns":6.0},{"damage":0.0,"enemies":"2 Fungi Beasts","floor":8.0,"turns":4.0},{"damage":13.0,"enemies":"Lots of Slimes","floor":10.0,"turns":4.0},{"damage":5.0,"enemies":"3 Sentries","floor":12.0,"turns":4.0},{"damage":5.0,"enemies":"Hexaghost","floor":16.0,"turns":8.0},{"damage":0.0,"enemies":"3 Byrds","floor":18.0,"turns":4.0},{"damage":34.0,"enemies":"Masked Bandits","floor":19.0,"turns":5.0},{"damage":0.0,"enemies":"Chosen","floor":20.0,"turns":3.0},{"damage":0.0,"enemies":"3 Cultists","floor":21.0,"turns":3.0},{"damage":8.0,"enemies":"Shelled Parasite and Fungi","floor":22.0,"turns":6.0},{"damage":14.0,"enemies":"Gremlin Leader","floor":23.0,"turns":7.0},{"damage":19.0,"enemies":"Chosen and Byrds","floor":25.0,"turns":7.0},{"damage":16.0,"enemies":"Snake Plant","floor":30.0,"turns":4.0},{"damage":15.0,"enemies":"Champ","floor":33.0,"turns":6.0},{"damage":20.0,"enemies":"3 Darklings","floor":35.0,"turns":4.0},{"damage":12.0,"enemies":"Orb Walker","floor":36.0,"turns":3.0},{"damage":5,"enemies":"3 Darklings","floor":41,"turns":4},{"damage":0,"enemies":"Reptomancer","floor":46,"turns":4},{"damage":16,"enemies":"Maw","floor":48,"turns":4},{"damage":14,"enemies":"Donu and Deca","floor":50,"turns":3}],"seed_played":"7456349505919208815","potions_obtained":[{"floor":2.0,"key":"Dexterity Potion"},{"floor":3.0,"key":"Fire Potion"},{"floor":5.0,"key":"FearPotion"},{"floor":10.0,"key":"BottledMiracle"},{"floor":16.0,"key":"SkillPotion"},{"floor":18.0,"key":"Weak Potion"},{"floor":20.0,"key":"ColorlessPotion"},{"floor":25.0,"key":"Energy Potion"},{"floor":33.0,"key":"SpeedPotion"},{"floor":36.0,"key":"PowerPotion"}],"is_trial":false,"path_per_floor":["M","M","M","M","M","R","E","M","T","M","?","E","?","$","R","B",null,"M","?","M","M","M","E","R","M","T","R","?","R","M","?","R","B",null,"M","M","$","?","T","?","M","R","T","R","$","E","T","M","R","B",null],"character_chosen":"WATCHER","items_purchased":["Adaptation","Weak Potion","Pen Nib","ColorlessPotion","Nunchaku","Swift Potion","Energy Potion"],"campfire_rested":7,"item_purchase_floors":[14,14,37,37,45,45,45],"current_hp_per_floor":[53,48,41,41,31,31,31,31,31,18,18,13,13,13,33,28,59,59,25,25,25,17,3,23,4,4,24,24,24,8,8,28,13,55,35,23,23,23,23,23,18,37,37,56,56,56,56,40,59,45],"gold":78,"neow_bonus":"REMOVE_TWO","is_prod":false,"is_daily":false,"chose_seed":false,"campfire_upgraded":2,"win_rate":0,"timestamp":1678916477,"path_taken":["M","M","M","M","M","R","E","M","T","M","?","E","?","$","R","BOSS","M","?","M","M","M","E","R","M","T","R","?","R","M","?","R","BOSS","M","M","$","?","?","?","?","R","T","R","?","E","?","M","R","BOSS"],"build_version":"2022-12-18","purchased_purges":3,"victory":true,"max_hp_per_floor":[62,62,62,62,62,62,69,69,69,69,69,69,69,69,69,69,69,69,69,69,69,69,69,69,69,69,69,69,69,69,69,69,69,69,69,69,69,69,69,66,66,66,66,66,66,66,66,66,66,66],"card_choices":[{"not_picked":["JustLucky","Worship"],"picked":"Wireheading","floor":1.0},{"not_picked":["PathToVictory","CarveReality","CrushJoints"],"picked":"SKIP","floor":2.0},{"not_picked":["Fasting2","EmptyBody"],"picked":"EmptyFist","floor":3.0},{"not_picked":["ThirdEye","ForeignInfluence"],"picked":"Halt","floor":4.0},{"not_picked":["Ragnarok","BattleHymn","FollowUp"],"picked":"SKIP","floor":5.0},{"not_picked":["Tantrum","Nirvana"],"picked":"TalkToTheHand","floor":7.0},{"not_picked":["Conclude","Wireheading"],"picked":"FearNoEvil","floor":8.0},{"not_picked":["PathToVictory","Consecrate"],"picked":"InnerPeace","floor":10.0},{"not_picked":["EmptyFist","Halt"],"picked":"TalkToTheHand","floor":12.0},{"not_picked":["Meditate","Protect","JustLucky"],"picked":"SKIP","floor":18.0},{"not_picked":["Nirvana","Vengeance","ForeignInfluence"],"picked":"SKIP","floor":20.0},{"not_picked":["Halt","ClearTheMind","TalkToTheHand+1"],"picked":"SKIP","floor":21.0},{"not_picked":["FlyingSleeves","Fasting2","SandsOfTime"],"picked":"SKIP","floor":22.0},{"not_picked":["Consecrate","PathToVictory","Establishment"],"picked":"SKIP","floor":23.0},{"not_picked":["FollowUp+1","DeceiveReality"],"picked":"EmptyMind+1","floor":24.0},{"not_picked":["Evaluate","SashWhip","Swivel"],"picked":"SKIP","floor":25.0},{"not_picked":["JustLucky","Protect","CutThroughFate"],"picked":"SKIP","floor":30.0},{"not_picked":["Alpha","DeusExMachina"],"picked":"LessonLearned","floor":33.0},{"not_picked":["Prostrate","DeceiveReality","Perseverance"],"picked":"SKIP","floor":35.0},{"not_picked":["EmptyMind","CrushJoints","Prostrate"],"picked":"SKIP","floor":36.0},{"not_picked":["JustLucky","CrushJoints"],"picked":"FlurryOfBlows","floor":41},{"not_picked":["FlurryOfBlows+1","PathToVictory","Sanctity"],"picked":"SKIP","floor":46},{"not_picked":["FlurryOfBlows+1","PathToVictory","Sanctity"],"picked":"SKIP","floor":46},{"not_picked":["FollowUp","SashWhip","Wireheading+1"],"picked":"SKIP","floor":48}],"player_experience":727481,"relics_obtained":[{"floor":7.0,"key":"Strawberry"},{"floor":9.0,"key":"Vajra"},{"floor":12.0,"key":"Akabeko"},{"floor":19.0,"key":"Red Mask"},{"floor":23.0,"key":"Dream Catcher"},{"floor":26.0,"key":"Tiny Chest"},{"floor":39.0,"key":"MawBank"},{"floor":43,"key":"Frozen Egg 2"},{"floor":46,"key":"Sundial"},{"floor":47,"key":"Boot"}],"event_choices":[{"damage_healed":0.0,"max_hp_gain":0.0,"max_hp_loss":0.0,"gold_gain":0.0,"event_name":"Scrap Ooze","player_choice":"Fled","floor":11.0,"gold_loss":0.0,"damage_taken":0.0},{"cards_removed":["Strike_P"],"damage_healed":0.0,"max_hp_gain":0.0,"max_hp_loss":0.0,"gold_gain":0.0,"event_name":"Living Wall","player_choice":"Forget","floor":13.0,"gold_loss":0.0,"damage_taken":0.0},{"damage_healed":0.0,"max_hp_gain":0.0,"max_hp_loss":0.0,"gold_gain":0.0,"event_name":"Masked Bandits","player_choice":"Fought Bandits","floor":19.0,"gold_loss":0.0,"damage_taken":0.0},{"cards_removed":["Strike_P"],"damage_healed":0.0,"max_hp_gain":0.0,"max_hp_loss":0.0,"gold_gain":0.0,"event_name":"Back to Basics","player_choice":"Elegance","floor":28.0,"gold_loss":0.0,"damage_taken":0.0},{"damage_healed":0.0,"max_hp_gain":0.0,"max_hp_loss":0.0,"gold_gain":0.0,"event_name":"Ghosts","player_choice":"Ignored","floor":31.0,"gold_loss":0.0,"damage_taken":0.0},{"damage_healed":0.0,"max_hp_gain":0.0,"max_hp_loss":0.0,"gold_gain":0.0,"event_name":"SecretPortal","player_choice":"Ignored","floor":38.0,"gold_loss":0.0,"damage_taken":0.0},{"damage_healed":0.0,"max_hp_gain":0.0,"max_hp_loss":3.0,"gold_gain":0.0,"event_name":"Winding Halls","player_choice":"Max HP","floor":40.0,"gold_loss":0.0,"damage_taken":0.0}],"is_beta":false,"boss_relics":[{"not_picked":["Busted Crown","SlaversCollar"],"picked":"SacredBark"},{"not_picked":["Coffee Dripper","Tiny House"],"picked":"Runic Dome"}],"items_purged_floors":[14,37,45],"is_endless":false,"potions_floor_spawned":[2,3,5,10,16,18,20,25,33,36,48],"ascension_level":14}