{"gold_per_floor":[116,132,142,42,42,42,74,74,97,131,131,131,142,155,155,260,260,270,281,181,106,121,83,83,98,98,118,145,145,173,189,189,288,288,298,318,45,59,59,88,88,113,194,194,117,128,138,149,149,149],"floor_reached":51,"playtime":3798,"items_purged":["Defend_P","Strike_P","Strike_P"],"score":1254,"play_id":"79745698-0c50-4b36-892e-daba3e9abd1d","local_time":"20230307013800","is_ascension_mode":true,"campfire_choices":[{"data":"Eruption","floor":6.0,"key":"SMITH"},{"data":"EmptyFist","floor":8.0,"key":"SMITH"},{"floor":12.0,"key":"REST"},{"data":"Vigilance","floor":15.0,"key":"SMITH"},{"floor":24.0,"key":"REST"},{"data":"Vault","floor":29.0,"key":"SMITH"},{"floor":32.0,"key":"REST"},{"floor":41,"key":"REST"},{"floor":44,"key":"REST"},{"floor":49,"key":"RECALL"}],"neow_cost":"TEN_PERCENT_HP_LOSS","seed_source_timestamp":26511612321800,"circlet_count":0,"master_deck":["AscendersBane","Strike_P","Defend_P+1","Eruption+1","Vigilance+1","SpiritShield+1","FollowUp+1","EmptyFist+1","Vault+1","CurseOfTheBell","Crescendo+1","InnerPeace+1","FearNoEvil","SandsOfTime+1","Halt+1","FlurryOfBlows","CutThroughFate+1","LessonLearned","InnerPeace+1","Adaptation","ClearTheMind+1"],"special_seed":0,"relics":["PureWater","War Paint","Bronze Scales","Bag of Preparation","Calling Bell","PreservedInsect","Singing Bowl","Torii","Sundial","Du-Vu Doll","Art of War","Fusion Hammer","TheAbacus","Incense Burner","Eternal Feather","Pantograph"],"potions_floor_usage":[50],"damage_taken":[{"damage":2.0,"enemies":"Jaw Worm","floor":1.0,"turns":5.0},{"damage":0.0,"enemies":"2 Louse","floor":2.0,"turns":3.0},{"damage":0.0,"enemies":"Cultist","floor":3.0,"turns":4.0},{"damage":19.0,"enemies":"3 Sentries","floor":7.0,"turns":13.0},{"damage":18.0,"enemies":"Gremlin Nob","floor":10.0,"turns":4.0},{"damage":4.0,"enemies":"Blue Slaver","floor":13.0,"turns":2.0},{"damage":1.0,"enemies":"Looter","floor":14.0,"turns":2.0},{"damage":13.0,"enemies":"Slime Boss","floor":16.0,"turns":7.0},{"damage":0.0,"enemies":"Spheric Guardian","floor":18.0,"turns":2.0},{"damage":16.0,"enemies":"3 Byrds","floor":19.0,"turns":4.0},{"damage":10.0,"enemies":"Snake Plant","floor":22.0,"turns":4.0},{"damage":0.0,"enemies":"3 Cultists","floor":25.0,"turns":5.0},{"damage":1.0,"enemies":"Shelled Parasite and Fungi","floor":27.0,"turns":6.0},{"damage":0.0,"enemies":"Slavers","floor":28.0,"turns":4.0},{"damage":21.0,"enemies":"Gremlin Leader","floor":30.0,"turns":3.0},{"damage":0.0,"enemies":"Chosen and Byrds","floor":31.0,"turns":4.0},{"damage":8.0,"enemies":"Automaton","floor":33.0,"turns":7.0},{"damage":1.0,"enemies":"Orb Walker","floor":35.0,"turns":2.0},{"damage":0.0,"enemies":"3 Shapes","floor":36.0,"turns":3.0},{"damage":8.0,"enemies":"Maw","floor":38.0,"turns":6.0},{"damage":21,"enemies":"Nemesis","floor":40,"turns":4},{"damage":1,"enemies":"Reptomancer","floor":42,"turns":4},{"damage":0,"enemies":"Transient","floor":46,"turns":5},{"damage":0,"enemies":"4 Shapes","floor":47,"turns":3},{"damage":0,"enemies":"3 Darklings","floor":48,"turns":3},{"damage":0,"enemies":"Awakened One","floor":50,"turns":11}],"seed_played":"7559637423419451607","potions_obtained":[{"floor":3.0,"key":"BlessingOfTheForge"},{"floor":10.0,"key":"ColorlessPotion"},{"floor":13.0,"key":"BottledMiracle"},{"floor":22.0,"key":"EssenceOfSteel"},{"floor":25.0,"key":"FairyPotion"},{"floor":27.0,"key":"Energy Potion"},{"floor":30.0,"key":"FearPotion"},{"floor":38.0,"key":"EssenceOfSteel"},{"floor":40,"key":"SkillPotion"},{"floor":47,"key":"DuplicationPotion"}],"is_trial":false,"path_per_floor":["M","M","M","$","?","R","E","R","T","E","?","R","M","M","R","B",null,"M","M","$","?","M","$","R","M","T","M","E","R","E","M","R","B",null,"M","M","$","M","?","E","R","E","T","R","$","M","M","M","R","B",null],"character_chosen":"WATCHER","items_purchased":["EmptyFist","SandsOfTime","TheAbacus","Adaptation"],"campfire_rested":5,"item_purchase_floors":[4,23,37,45],"current_hp_per_floor":[63,63,63,63,63,63,44,44,44,26,26,45,41,40,40,27,56,56,40,40,40,30,30,49,49,49,48,50,50,31,31,51,43,63,64,66,66,60,60,41,64,63,63,77,77,79,79,81,81,81],"gold":149,"neow_bonus":"THREE_RARE_CARDS","is_prod":false,"is_daily":false,"chose_seed":false,"campfire_upgraded":4,"win_rate":0,"timestamp":1678181880,"path_taken":["M","M","M","$","?","R","E","R","T","E","?","R","?","M","R","BOSS","M","M","$","?","M","$","R","M","T","M","E","R","E","M","R","BOSS","M","M","$","M","?","E","R","E","T","R","$","M","M","M","R","BOSS"],"build_version":"2022-12-18","purchased_purges":3,"victory":true,"max_hp_per_floor":[65,65,65,65,65,65,65,65,65,65,65,65,65,65,65,65,65,65,65,65,65,65,65,65,65,65,65,67,67,69,69,69,69,69,71,73,73,75,75,77,77,77,77,77,77,79,79,81,81,81],"card_choices":[{"not_picked":["Alpha","Wish"],"picked":"SpiritShield","floor":0.0},{"not_picked":["Indignation","Crescendo"],"picked":"FollowUp","floor":1.0},{"not_picked":["PathToVictory","BowlingBash","JustLucky"],"picked":"SKIP","floor":2.0},{"not_picked":["Sanctity","Swivel"],"picked":"ClearTheMind","floor":3.0},{"not_picked":["EmptyFist","ThirdEye","ReachHeaven"],"picked":"SKIP","floor":7.0},{"not_picked":["Protect","FollowUp","Wireheading"],"picked":"SKIP","floor":10.0},{"not_picked":["PathToVictory","FollowUp","BowlingBash"],"picked":"SKIP","floor":13.0},{"not_picked":["SashWhip","Pray","Fasting2"],"picked":"SKIP","floor":14.0},{"not_picked":["MasterReality","Establishment"],"picked":"Vault","floor":16.0},{"not_picked":["EmptyFist","FollowUp"],"picked":"Crescendo","floor":18.0},{"not_picked":["ThirdEye+1","CutThroughFate"],"picked":"InnerPeace","floor":19.0},{"not_picked":["EmptyBody","Weave"],"picked":"FearNoEvil","floor":22.0},{"not_picked":["WreathOfFlame","WheelKick"],"picked":"Halt","floor":25.0},{"not_picked":["BowlingBash","WindmillStrike"],"picked":"FlurryOfBlows","floor":27.0},{"not_picked":["ThirdEye","CarveReality","Indignation"],"picked":"Singing Bowl","floor":28.0},{"not_picked":["DeusExMachina","Collect","FlurryOfBlows"],"picked":"Singing Bowl","floor":30.0},{"not_picked":["FollowUp","ReachHeaven"],"picked":"CutThroughFate+1","floor":31.0},{"not_picked":["SpiritShield","Wish"],"picked":"LessonLearned","floor":33.0},{"not_picked":["Protect+1","FollowUp","PathToVictory+1"],"picked":"Singing Bowl","floor":35.0},{"not_picked":["FlurryOfBlows","PathToVictory+1","JustLucky"],"picked":"Singing Bowl","floor":36.0},{"not_picked":["WindmillStrike","Pray","Ragnarok"],"picked":"Singing Bowl","floor":38.0},{"not_picked":["EmptyBody","Consecrate","CutThroughFate"],"picked":"Singing Bowl","floor":40},{"not_picked":["Study","Prostrate"],"picked":"InnerPeace","floor":42},{"not_picked":["SashWhip","Halt","Nirvana+1"],"picked":"Singing Bowl","floor":46},{"not_picked":["SashWhip","JustLucky"],"picked":"ClearTheMind+1","floor":47},{"not_picked":["Evaluate","SashWhip","JustLucky"],"picked":"Singing Bowl","floor":48}],"player_experience":673987,"relics_obtained":[{"floor":7.0,"key":"War Paint"},{"floor":9.0,"key":"Bronze Scales"},{"floor":10.0,"key":"Bag of Preparation"},{"floor":17.0,"key":"PreservedInsect"},{"floor":17.0,"key":"Singing Bowl"},{"floor":17.0,"key":"Torii"},{"floor":26.0,"key":"Sundial"},{"floor":28.0,"key":"Du-Vu Doll"},{"floor":30.0,"key":"Art of War"},{"floor":40,"key":"Incense Burner"},{"floor":42,"key":"Eternal Feather"},{"floor":43,"key":"Pantograph"}],"event_choices":[{"cards_removed":["Strike_P"],"damage_healed":0.0,"max_hp_gain":0.0,"max_hp_loss":0.0,"gold_gain":0.0,"event_name":"Living Wall","player_choice":"Forget","floor":5.0,"gold_loss":0.0,"damage_taken":0.0},{"cards_removed":["Defend_P"],"damage_healed":0.0,"max_hp_gain":0.0,"max_hp_loss":0.0,"gold_gain":0.0,"event_name":"Purifier","player_choice":"Purged","floor":11.0,"gold_loss":0.0,"damage_taken":0.0},{"cards_removed":["Defend_P"],"damage_healed":0.0,"max_hp_gain":0.0,"max_hp_loss":0.0,"gold_gain":0.0,"event_name":"Beggar","player_choice":"Gave Gold","floor":21.0,"gold_loss":75.0,"damage_taken":0.0},{"cards_removed":["ClearTheMind"],"damage_healed":0.0,"max_hp_gain":0.0,"max_hp_loss":0.0,"gold_gain":0.0,"event_name":"Falling","player_choice":"Removed Skill","floor":39.0,"gold_loss":0.0,"damage_taken":0.0}],"is_beta":false,"boss_relics":[{"not_picked":["Black Star","Snecko Eye"],"picked":"Calling Bell"},{"not_picked":["Velvet Choker","Busted Crown"],"picked":"Fusion Hammer"}],"items_purged_floors":[4,20,37],"is_endless":false,"potions_floor_spawned":[3,10,13,22,25,27,30,31,38,40,42,46,47],"ascension_level":12}