{"gold_per_floor":[118,43,54,54,74,109,128,128,128,128,142,174,184,201,201,297,297,297,308,308,60,60,123,175,218,230,341,364,376,437,499,511,622,634,690,747,778,361,361,404,436,30,30,30,4,18,31,51,51,51],"floor_reached":51,"playtime":4114,"items_purged":["Doubt","WreathOfFlame+1","Worship+1","JustLucky"],"score":708,"play_id":"99d75de0-eca1-4777-b904-f7c238c6bb3c","local_time":"20230310165536","is_ascension_mode":false,"campfire_choices":[{"data":"Eruption","floor":8.0,"key":"SMITH"},{"data":"Worship","floor":10.0,"key":"SMITH"},{"floor":15.0,"key":"REST"},{"data":"Adaptation","floor":29.0,"key":"SMITH"},{"data":"Adaptation","floor":32.0,"key":"SMITH"},{"data":"TalkToTheHand","floor":44,"key":"SMITH"},{"floor":49,"key":"REST"}],"neow_cost":"CURSE","seed_source_timestamp":340450316415100,"circlet_count":0,"master_deck":["Eruption+1","Vigilance","FlyingSleeves","FlurryOfBlows+1","Consecrate","Indignation+1","SandsOfTime+1","FearNoEvil","EmptyBody+1","Evaluate+1","Scrawl+1","Nirvana","Wish+1","EmptyMind+1","InnerPeace+1","Adaptation+1","Adaptation+1","WheelKick+1","CutThroughFate+1","Tantrum","Crescendo+1","LessonLearned+1","Halt+1","TalkToTheHand+1","EmptyFist+1"],"special_seed":0,"relics":["PureWater","StrikeDummy","Toxic Egg 2","Bottled Lightning","Strawberry","Pandora\u0027s Box","MawBank","Bronze Scales","Kunai","Busted Crown","FossilizedHelix","Calipers","MealTicket","Membership Card","Letter Opener","HornCleat"],"potions_floor_usage":[46,50,50],"damage_taken":[{"damage":0.0,"enemies":"Small Slimes","floor":1.0,"turns":3.0},{"damage":6.0,"enemies":"Jaw Worm","floor":3.0,"turns":4.0},{"damage":0.0,"enemies":"Cultist","floor":5.0,"turns":2.0},{"damage":8.0,"enemies":"Gremlin Nob","floor":6.0,"turns":4.0},{"damage":2.0,"enemies":"3 Louse","floor":7.0,"turns":2.0},{"damage":0.0,"enemies":"Exordium Wildlife","floor":11.0,"turns":2.0},{"damage":21.0,"enemies":"3 Sentries","floor":12.0,"turns":5.0},{"damage":1.0,"enemies":"Large Slime","floor":13.0,"turns":2.0},{"damage":0.0,"enemies":"3 Louse","floor":14.0,"turns":2.0},{"damage":1.0,"enemies":"Slime Boss","floor":16.0,"turns":6.0},{"damage":0.0,"enemies":"Shell Parasite","floor":18.0,"turns":1.0},{"damage":0.0,"enemies":"Spheric Guardian","floor":19.0,"turns":2.0},{"damage":10.0,"enemies":"Slavers","floor":23.0,"turns":4.0},{"damage":0.0,"enemies":"Centurion and Healer","floor":24.0,"turns":3.0},{"damage":6.0,"enemies":"Book of Stabbing","floor":25.0,"turns":5.0},{"damage":0.0,"enemies":"Snake Plant","floor":28.0,"turns":4.0},{"damage":14.0,"enemies":"Snecko","floor":30.0,"turns":6.0},{"damage":0.0,"enemies":"Centurion and Healer","floor":31.0,"turns":5.0},{"damage":4.0,"enemies":"Champ","floor":33.0,"turns":7.0},{"damage":0.0,"enemies":"3 Darklings","floor":35.0,"turns":4.0},{"damage":0.0,"enemies":"2 Orb Walkers","floor":36.0,"turns":2.0},{"damage":0.0,"enemies":"Orb Walker","floor":37.0,"turns":3.0},{"damage":9.0,"enemies":"4 Shapes","floor":40.0,"turns":4.0},{"damage":48.0,"enemies":"Nemesis","floor":41.0,"turns":7.0},{"damage":0,"enemies":"3 Darklings","floor":46,"turns":2},{"damage":0,"enemies":"Spire Growth","floor":47,"turns":3},{"damage":0,"enemies":"Jaw Worm Horde","floor":48,"turns":3},{"damage":49,"enemies":"Time Eater","floor":50,"turns":5}],"seed_played":"-5948520421253140413","potions_obtained":[{"floor":3.0,"key":"BlessingOfTheForge"},{"floor":11.0,"key":"SmokeBomb"},{"floor":13.0,"key":"BlessingOfTheForge"},{"floor":16.0,"key":"Energy Potion"},{"floor":19.0,"key":"DistilledChaos"},{"floor":25.0,"key":"Regen Potion"},{"floor":30.0,"key":"PowerPotion"},{"floor":31.0,"key":"StancePotion"},{"floor":35.0,"key":"Strength Potion"},{"floor":40.0,"key":"SteroidPotion"},{"floor":46,"key":"GamblersBrew"}],"is_trial":false,"path_per_floor":["M","$","M","?","M","E","M","R","T","R","M","E","M","M","R","B",null,"M","M","?","$","?","E","M","E","T","?","M","R","M","M","R","B",null,"M","?","M","$","?","M","E","$","T","R","$","M","M","M","R","B",null],"character_chosen":"WATCHER","items_purchased":["InnerPeace+1","Adaptation","Calipers","Membership Card","Letter Opener","TalkToTheHand","EmptyFist","Energy Potion"],"campfire_rested":2,"item_purchase_floors":[21,21,38,42,42,42,42,45],"current_hp_per_floor":[72,72,66,54,54,46,44,44,44,44,44,30,29,29,52,51,79,79,79,79,79,79,69,69,63,63,63,63,63,54,54,54,50,79,79,79,79,79,79,70,22,37,37,37,52,52,52,52,75,26],"gold":51,"neow_bonus":"TRANSFORM_TWO_CARDS","is_prod":false,"is_daily":false,"chose_seed":false,"campfire_upgraded":5,"win_rate":0,"timestamp":1678496136,"path_taken":["M","$","M","?","M","E","M","R","T","R","M","E","M","M","R","BOSS","M","M","?","$","?","E","?","E","T","?","M","R","M","M","R","BOSS","M","?","M","$","?","M","E","?","T","R","$","M","M","M","R","BOSS"],"build_version":"2022-12-18","purchased_purges":4,"victory":true,"max_hp_per_floor":[72,72,72,72,72,72,72,72,72,72,72,79,79,79,79,79,79,79,79,79,79,79,79,79,79,79,79,79,79,79,79,79,79,79,79,79,79,79,79,79,79,79,79,79,79,79,79,79,79,79],"card_choices":[{"not_picked":["Meditate","Prostrate"],"picked":"FlyingSleeves","floor":1.0},{"not_picked":["Prostrate","Protect"],"picked":"FlurryOfBlows","floor":3.0},{"not_picked":["ThirdEye","CutThroughFate","EmptyBody"],"picked":"SKIP","floor":5.0},{"not_picked":["FollowUp","EmptyBody+1"],"picked":"Consecrate","floor":6.0},{"not_picked":["EmptyBody+1","JustLucky"],"picked":"Indignation+1","floor":7.0},{"not_picked":["Perseverance+1","CrushJoints"],"picked":"SandsOfTime","floor":11.0},{"not_picked":["Devotion","CrushJoints"],"picked":"Halt+1","floor":12.0},{"not_picked":["SashWhip","Perseverance+1"],"picked":"FearNoEvil","floor":13.0},{"not_picked":["EmptyBody+1","FearNoEvil","Crescendo+1"],"picked":"SKIP","floor":14.0},{"not_picked":["FlurryOfBlows","Weave"],"picked":"Nirvana","floor":19.0},{"not_picked":["Pray+1","ThirdEye+1"],"picked":"WheelKick","floor":23.0},{"not_picked":["ClearTheMind+1","WindmillStrike"],"picked":"CutThroughFate+1","floor":24.0},{"not_picked":["Wireheading","InnerPeace+1"],"picked":"Tantrum","floor":25.0},{"not_picked":["EmptyBody+1","Consecrate","ReachHeaven"],"picked":"SKIP","floor":28.0},{"not_picked":["ReachHeaven","PathToVictory+1","FlyingSleeves"],"picked":"SKIP","floor":30.0},{"not_picked":["PathToVictory+1","Tantrum+1"],"picked":"Crescendo+1","floor":31.0},{"not_picked":["DeusExMachina+1","ConjureBlade+1"],"picked":"LessonLearned","floor":33.0},{"not_picked":["DeceiveReality+1"],"picked":"SKIP","floor":35.0},{"not_picked":["Fasting2"],"picked":"SKIP","floor":37.0},{"not_picked":[],"picked":"Halt+1","floor":40.0},{"not_picked":["Consecrate"],"picked":"SKIP","floor":41.0},{"not_picked":["Halt+1"],"picked":"SKIP","floor":46},{"not_picked":["FollowUp+1"],"picked":"SKIP","floor":47},{"not_picked":["Fasting2"],"picked":"SKIP","floor":48}],"player_experience":697417,"relics_obtained":[{"floor":6.0,"key":"Toxic Egg 2"},{"floor":9.0,"key":"Bottled Lightning"},{"floor":12.0,"key":"Strawberry"},{"floor":23.0,"key":"MawBank"},{"floor":25.0,"key":"Bronze Scales"},{"floor":26.0,"key":"Kunai"},{"floor":36.0,"key":"FossilizedHelix"},{"floor":41.0,"key":"MealTicket"},{"floor":43.0,"key":"HornCleat"}],"event_choices":[{"damage_healed":0.0,"max_hp_gain":0.0,"max_hp_loss":0.0,"gold_gain":0.0,"event_name":"Scrap Ooze","player_choice":"Success","floor":4.0,"gold_loss":0.0,"damage_taken":12.0,"relics_obtained":["StrikeDummy"]},{"damage_healed":0.0,"max_hp_gain":0.0,"max_hp_loss":0.0,"gold_gain":0.0,"cards_transformed":["Worship","Alpha"],"event_name":"Drug Dealer","player_choice":"Became Test Subject","floor":20.0,"gold_loss":0.0,"damage_taken":0.0,"cards_obtained":["Wish","EmptyMind"]},{"damage_healed":0.0,"max_hp_gain":0.0,"max_hp_loss":0.0,"gold_gain":0.0,"event_name":"Duplicator","player_choice":"Copied","floor":22.0,"gold_loss":0.0,"damage_taken":0.0,"cards_obtained":["Adaptation"]},{"damage_healed":0.0,"max_hp_gain":0.0,"max_hp_loss":0.0,"gold_gain":99.0,"event_name":"Nest","player_choice":"Stole From Cult","floor":27.0,"gold_loss":0.0,"damage_taken":0.0},{"damage_healed":0.0,"max_hp_gain":0.0,"max_hp_loss":0.0,"gold_gain":0.0,"event_name":"Mysterious Sphere","player_choice":"Fight","floor":36.0,"gold_loss":0.0,"damage_taken":0.0},{"cards_removed":["Halt"],"damage_healed":0.0,"max_hp_gain":0.0,"max_hp_loss":0.0,"gold_gain":0.0,"event_name":"Falling","player_choice":"Removed Skill","floor":39.0,"gold_loss":0.0,"damage_taken":0.0}],"is_beta":false,"boss_relics":[{"not_picked":["Runic Dome","Black Star"],"picked":"Pandora\u0027s Box"},{"not_picked":["Velvet Choker","SacredBark"],"picked":"Busted Crown"}],"items_purged_floors":[2,21,38,42],"is_endless":false,"potions_floor_spawned":[3,11,13,16,19,25,30,31,35,40,46,47],"ascension_level":0}