{"gold_per_floor":[119,132,132,150,27,61,77,77,77,109,109,128,139,158,158,232,232,244,244,255,255,255,255,290,290,290,301,301,331,343,378,378,449,449,464,464,120,139,150,184,195,195,249,268,268,287,6,40,40,40],"floor_reached":51,"playtime":4310,"items_purged":["Defend_P","Defend_P","Bite"],"score":1698,"play_id":"e45aa1ef-85b0-4748-871d-11aea895f9e2","local_time":"20230312233207","is_ascension_mode":true,"campfire_choices":[{"data":"Eruption","floor":8.0,"key":"SMITH"},{"data":"Wallop","floor":11.0,"key":"SMITH"},{"floor":15.0,"key":"REST"},{"data":"Scrawl","floor":23.0,"key":"SMITH"},{"data":"Vigilance","floor":25.0,"key":"SMITH"},{"data":"ClearTheMind","floor":28.0,"key":"SMITH"},{"data":"Adaptation","floor":32.0,"key":"SMITH"},{"data":"Vault","floor":45.0,"key":"SMITH"},{"data":"Crescendo","floor":49.0,"key":"SMITH"}],"neow_cost":"NONE","seed_source_timestamp":0,"circlet_count":0,"master_deck":["AscendersBane","Eruption+1","Vigilance+1","Wallop+1","EmptyFist","Consecrate","Scrawl+1","Halt","ClearTheMind+1","Bite","Bite","Bite","WheelKick","Crescendo+1","Adaptation+1","Scrawl","Madness","Madness","Adaptation+1","FlurryOfBlows","Vault+1"],"special_seed":0,"relics":["SlaversCollar","Bottled Flame","Mercury Hourglass","Kunai","VioletLotus","PreservedInsect","StrikeDummy","Ornamental Fan","Gremlin Horn","Empty Cage","DollysMirror","Frozen Egg 2","Meat on the Bone","Happy Flower","Potion Belt","Omamori"],"potions_floor_usage":[50,50],"damage_taken":[{"damage":9.0,"enemies":"Small Slimes","floor":1.0,"turns":6.0},{"damage":0.0,"enemies":"Cultist","floor":2.0,"turns":4.0},{"damage":2.0,"enemies":"Jaw Worm","floor":4.0,"turns":4.0},{"damage":12.0,"enemies":"3 Sentries","floor":6.0,"turns":7.0},{"damage":0.0,"enemies":"Looter","floor":7.0,"turns":2.0},{"damage":0.0,"enemies":"Gremlin Nob","floor":10.0,"turns":2.0},{"damage":0.0,"enemies":"Red Slaver","floor":12.0,"turns":2.0},{"damage":0.0,"enemies":"Exordium Wildlife","floor":13.0,"turns":3.0},{"damage":0.0,"enemies":"Lots of Slimes","floor":14.0,"turns":2.0},{"damage":0.0,"enemies":"Slime Boss","floor":16.0,"turns":6.0},{"damage":15.0,"enemies":"2 Thieves","floor":18.0,"turns":4.0},{"damage":0.0,"enemies":"Chosen","floor":20.0,"turns":3.0},{"damage":19.0,"enemies":"Book of Stabbing","floor":24.0,"turns":4.0},{"damage":4.0,"enemies":"Centurion and Healer","floor":27.0,"turns":3.0},{"damage":5.0,"enemies":"Slavers","floor":29.0,"turns":4.0},{"damage":0.0,"enemies":"Cultist and Chosen","floor":30.0,"turns":3.0},{"damage":0.0,"enemies":"Gremlin Leader","floor":31.0,"turns":4.0},{"damage":0.0,"enemies":"Automaton","floor":33.0,"turns":8.0},{"damage":0.0,"enemies":"3 Darklings","floor":35.0,"turns":3.0},{"damage":15.0,"enemies":"3 Shapes","floor":38.0,"turns":7.0},{"damage":3.0,"enemies":"Maw","floor":39.0,"turns":7.0},{"damage":0.0,"enemies":"Reptomancer","floor":40.0,"turns":2.0},{"damage":3.0,"enemies":"Sphere and 2 Shapes","floor":41.0,"turns":3.0},{"damage":0.0,"enemies":"3 Darklings","floor":44.0,"turns":3.0},{"damage":2.0,"enemies":"Writhing Mass","floor":46.0,"turns":7.0},{"damage":2.0,"enemies":"Nemesis","floor":48.0,"turns":6.0},{"damage":0,"enemies":"Donu and Deca","floor":50,"turns":3}],"seed_played":"1563309472204442027","potions_obtained":[{"floor":1.0,"key":"Strength Potion"},{"floor":10.0,"key":"StancePotion"},{"floor":13.0,"key":"Ancient Potion"},{"floor":27.0,"key":"Regen Potion"},{"floor":29.0,"key":"Energy Potion"},{"floor":33.0,"key":"BottledMiracle"},{"floor":35.0,"key":"PowerPotion"},{"floor":48.0,"key":"Block Potion"}],"is_trial":false,"path_per_floor":["M","M","?","M","$","E","M","R","T","E","R","M","M","M","R","B",null,"M","?","M","?","?","R","E","R","T","M","R","E","M","E","R","B",null,"M","?","$","M","M","E","M","T","T","M","R","M","$","E","R","B",null],"character_chosen":"WATCHER","items_purchased":["SteroidPotion","DollysMirror","FlurryOfBlows","BlessingOfTheForge","Potion Belt"],"campfire_rested":1,"item_purchase_floors":[5,37,37,37,47],"current_hp_per_floor":[56,56,56,54,54,42,42,42,42,42,42,42,42,42,63,63,70,55,50,50,50,50,50,39,39,39,45,45,50,50,50,50,50,50,50,44,44,35,49,50,50,50,50,50,50,50,50,50,50,50],"gold":40,"neow_bonus":"BOSS_RELIC","is_prod":false,"is_daily":false,"chose_seed":false,"campfire_upgraded":8,"win_rate":0,"timestamp":1678689127,"path_taken":["M","M","?","M","$","E","M","R","T","E","R","M","M","M","R","BOSS","M","?","M","?","?","R","E","R","T","M","R","E","M","E","R","BOSS","M","?","$","M","M","E","M","?","T","M","R","M","$","E","R","BOSS"],"build_version":"2022-12-18","purchased_purges":3,"victory":true,"max_hp_per_floor":[72,72,72,72,72,72,72,72,72,72,72,72,72,72,72,72,72,72,50,50,50,50,50,50,50,50,50,50,50,50,50,50,50,50,50,50,50,50,50,50,50,50,50,50,50,50,50,50,50,50],"card_choices":[{"not_picked":["Adaptation","SashWhip"],"picked":"Wallop","floor":1.0},{"not_picked":["CutThroughFate","EmptyBody"],"picked":"EmptyFist","floor":2.0},{"not_picked":["ClearTheMind","JustLucky","EmptyMind"],"picked":"SKIP","floor":4.0},{"not_picked":["EmptyBody","SashWhip"],"picked":"Consecrate","floor":6.0},{"not_picked":["EmptyMind","JustLucky"],"picked":"WindmillStrike","floor":7.0},{"not_picked":["Vengeance","Protect","CarveReality"],"picked":"SKIP","floor":10.0},{"not_picked":["JustLucky","Wallop"],"picked":"Scrawl","floor":12.0},{"not_picked":["CutThroughFate","BowlingBash"],"picked":"Halt","floor":13.0},{"not_picked":["ThirdEye","JustLucky","CutThroughFate"],"picked":"SKIP","floor":14.0},{"not_picked":["Tantrum","CrushJoints"],"picked":"ClearTheMind","floor":18.0},{"not_picked":["Crescendo","Evaluate","FollowUp"],"picked":"SKIP","floor":20.0},{"not_picked":["Consecrate+1","FlyingSleeves","Study"],"picked":"SKIP","floor":24.0},{"not_picked":["CrushJoints","Halt"],"picked":"Crescendo","floor":27.0},{"not_picked":["EmptyMind","Prostrate","Perseverance"],"picked":"SKIP","floor":29.0},{"not_picked":["EmptyFist","FlyingSleeves"],"picked":"Adaptation","floor":30.0},{"not_picked":["SpiritShield","Worship","JustLucky"],"picked":"SKIP","floor":31.0},{"not_picked":["DeusExMachina","DevaForm"],"picked":"Scrawl","floor":33.0},{"not_picked":["Meditate","Crescendo","ForeignInfluence+1"],"picked":"SKIP","floor":35.0},{"not_picked":["SignatureMove+1","Protect","WaveOfTheHand+1"],"picked":"SKIP","floor":38.0},{"not_picked":["SashWhip","PathToVictory+1","Wallop+1"],"picked":"SKIP","floor":39.0},{"not_picked":["LikeWater+1","SashWhip"],"picked":"Vault","floor":40.0},{"not_picked":["JustLucky+1","CrushJoints","CutThroughFate+1"],"picked":"SKIP","floor":41.0},{"not_picked":["JustLucky+1","CrushJoints","CutThroughFate+1"],"picked":"SKIP","floor":41.0},{"not_picked":["SashWhip","DeusExMachina","Evaluate"],"picked":"SKIP","floor":44.0},{"not_picked":["FlurryOfBlows","PathToVictory+1","SashWhip+1"],"picked":"SKIP","floor":46.0},{"not_picked":["JustLucky","Prostrate","ReachHeaven"],"picked":"SKIP","floor":48.0}],"player_experience":712430,"relics_obtained":[{"floor":6.0,"key":"Bottled Flame"},{"floor":9.0,"key":"Mercury Hourglass"},{"floor":10.0,"key":"Kunai"},{"floor":24.0,"key":"PreservedInsect"},{"floor":26.0,"key":"StrikeDummy"},{"floor":29.0,"key":"Ornamental Fan"},{"floor":31.0,"key":"Gremlin Horn"},{"floor":40.0,"key":"Frozen Egg 2"},{"floor":42.0,"key":"Meat on the Bone"},{"floor":43.0,"key":"Happy Flower"},{"floor":48.0,"key":"Omamori"}],"event_choices":[{"cards_removed":["Defend_P"],"damage_healed":0.0,"max_hp_gain":0.0,"max_hp_loss":0.0,"gold_gain":0.0,"event_name":"Purifier","player_choice":"Purged","floor":3.0,"gold_loss":0.0,"damage_taken":0.0},{"damage_healed":0.0,"max_hp_gain":0.0,"max_hp_loss":22.0,"gold_gain":0.0,"event_name":"Vampires","player_choice":"Became a vampire","floor":19.0,"gold_loss":0.0,"damage_taken":0.0,"cards_obtained":["Bite","Bite","Bite","Bite","Bite"]},{"damage_healed":0.0,"max_hp_gain":0.0,"max_hp_loss":0.0,"gold_gain":0.0,"event_name":"Ghosts","player_choice":"Ignored","floor":21.0,"gold_loss":0.0,"damage_taken":0.0},{"damage_healed":0.0,"max_hp_gain":0.0,"max_hp_loss":0.0,"gold_gain":0.0,"cards_transformed":["WindmillStrike"],"event_name":"Transmorgrifier","player_choice":"Transformed","floor":22.0,"gold_loss":0.0,"damage_taken":0.0,"cards_obtained":["WheelKick"]},{"damage_healed":0.0,"max_hp_gain":0.0,"max_hp_loss":0.0,"gold_gain":0.0,"event_name":"Winding Halls","player_choice":"Embrace Madness","floor":36.0,"gold_loss":0.0,"damage_taken":6.0,"cards_obtained":["Madness","Madness"]}],"is_beta":false,"boss_relics":[{"not_picked":["Velvet Choker","Tiny House"],"picked":"VioletLotus"},{"not_picked":["Busted Crown","Runic Dome"],"picked":"Empty Cage"}],"items_purged_floors":[5,37,47],"is_endless":false,"potions_floor_spawned":[1,10,12,13,16,18,27,29,30,33,35,40,46,48],"ascension_level":13}