{"gold_per_floor":[117,1,1,14,28,28,42,77,77,105,105,122,133,162,162,241,241,252,271,186,205,30,64,82,82,135,178,178,198,216,236,236,320,320,345,364,24,47,65,65,93,93,93,113,138,138,173,191,191,191],"floor_reached":50,"playtime":4511,"items_purged":["EmptyBody","Devotion+1"],"score":1117,"play_id":"8b2af7af-d357-44b3-8fd1-c4b3a5676904","local_time":"20230321003415","is_ascension_mode":true,"campfire_choices":[{"data":"Vigilance","floor":6.0,"key":"SMITH"},{"data":"SandsOfTime","floor":11.0,"key":"SMITH"},{"data":"Wallop","floor":15.0,"key":"SMITH"},{"floor":25.0,"key":"REST"},{"floor":32.0,"key":"REST"},{"floor":40.0,"key":"REST"},{"floor":46.0,"key":"REST"},{"floor":49,"key":"REST"}],"neow_cost":"NONE","seed_source_timestamp":0,"circlet_count":0,"master_deck":["AscendersBane","Strike_P+1","Strike_P+1","Strike_P+1","Defend_P+1","Defend_P+1","Eruption+1","Vigilance+1","Consecrate+1","LessonLearned+1","CutThroughFate+1","Adaptation+1","SandsOfTime+1","MentalFortress+1","Wallop+1","EmptyFist+1","Vault+1","InnerPeace+1","Crescendo+1","Protect+1","Panacea+1","Parasite","Madness+1","Madness+1","FlurryOfBlows+1","Perseverance+1"],"special_seed":0,"relics":["PureWater","Frozen Egg 2","The Courier","Strawberry","Juzu Bracelet","Fusion Hammer","Yang","Toxic Egg 2","Nunchaku","CeramicFish","Empty Cage","Question Card","Mummified Hand","Dead Branch","Pen Nib"],"potions_floor_usage":[47],"damage_taken":[{"damage":4.0,"enemies":"Jaw Worm","floor":1.0,"turns":5.0},{"damage":1.0,"enemies":"Cultist","floor":4.0,"turns":3.0},{"damage":0.0,"enemies":"Small Slimes","floor":5.0,"turns":3.0},{"damage":10.0,"enemies":"Blue Slaver","floor":7.0,"turns":7.0},{"damage":2.0,"enemies":"3 Sentries","floor":8.0,"turns":4.0},{"damage":0.0,"enemies":"Lagavulin","floor":10.0,"turns":4.0},{"damage":9.0,"enemies":"3 Louse","floor":12.0,"turns":2.0},{"damage":0.0,"enemies":"Large Slime","floor":13.0,"turns":2.0},{"damage":0.0,"enemies":"Gremlin Nob","floor":14.0,"turns":2.0},{"damage":26.0,"enemies":"Hexaghost","floor":16.0,"turns":8.0},{"damage":1.0,"enemies":"3 Byrds","floor":18.0,"turns":6.0},{"damage":0.0,"enemies":"Shell Parasite","floor":19.0,"turns":4.0},{"damage":2.0,"enemies":"Cultist and Chosen","floor":21.0,"turns":8.0},{"damage":0.0,"enemies":"Slavers","floor":23.0,"turns":7.0},{"damage":1.0,"enemies":"Centurion and Healer","floor":24.0,"turns":6.0},{"damage":0.0,"enemies":"Gremlin Leader","floor":27.0,"turns":4.0},{"damage":2.0,"enemies":"Shelled Parasite and Fungi","floor":29.0,"turns":4.0},{"damage":0.0,"enemies":"Sentry and Sphere","floor":30.0,"turns":5.0},{"damage":0.0,"enemies":"Chosen and Byrds","floor":31.0,"turns":3.0},{"damage":19.0,"enemies":"Champ","floor":33.0,"turns":11.0},{"damage":5.0,"enemies":"Orb Walker","floor":35.0,"turns":3.0},{"damage":14.0,"enemies":"3 Darklings","floor":36.0,"turns":5.0},{"damage":12.0,"enemies":"Writhing Mass","floor":38.0,"turns":9.0},{"damage":22.0,"enemies":"Sphere and 2 Shapes","floor":41.0,"turns":6.0},{"damage":24.0,"enemies":"3 Darklings","floor":44.0,"turns":6.0},{"damage":0.0,"enemies":"Mind Bloom Boss Battle","floor":45.0,"turns":7.0},{"damage":11,"enemies":"Nemesis","floor":47,"turns":3},{"damage":0,"enemies":"Maw","floor":48,"turns":8},{"damage":100,"enemies":"Time Eater","floor":50,"turns":4}],"seed_played":"-7677035906707154614","potions_obtained":[{"floor":7.0,"key":"Strength Potion"},{"floor":10.0,"key":"LiquidBronze"},{"floor":19.0,"key":"Weak Potion"},{"floor":24.0,"key":"Dexterity Potion"},{"floor":30.0,"key":"StancePotion"},{"floor":33.0,"key":"Ambrosia"},{"floor":36.0,"key":"Regen Potion"},{"floor":38.0,"key":"SpeedPotion"},{"floor":45.0,"key":"AttackPotion"}],"is_trial":false,"path_per_floor":["M","$","?","M","M","R","M","E","T","E","R","M","M","E","R","B",null,"M","M","?","M","$","E","M","R","T","E","?","M","M","M","R","B",null,"M","M","$","M","?","R","M","?","T","M","?","R","E","M","R","B"],"character_chosen":"WATCHER","items_purchased":["LessonLearned","Explosive Potion","InnerPeace","StancePotion","Question Card","Panacea+1"],"campfire_rested":5,"item_purchase_floors":[2,2,22,22,37,37],"current_hp_per_floor":[57,57,57,56,56,56,46,44,44,51,51,42,42,42,42,16,60,59,59,59,57,57,57,56,75,75,75,75,73,73,73,75,56,70,65,51,51,39,25,47,25,25,25,15,15,37,26,26,48,0],"gold":191,"neow_bonus":"TRANSFORM_CARD","is_prod":false,"is_daily":false,"chose_seed":false,"campfire_upgraded":3,"win_rate":0,"timestamp":1679384055,"path_taken":["M","$","?","M","M","R","?","E","T","E","R","M","?","E","R","BOSS","M","M","?","M","?","E","M","R","T","E","?","M","M","M","R","BOSS","M","M","$","M","?","R","M","?","T","M","?","R","E","M","R","BOSS"],"build_version":"2022-12-18","purchased_purges":2,"victory":false,"max_hp_per_floor":[68,68,68,68,68,68,68,68,68,75,75,75,75,75,75,75,75,75,75,75,75,75,75,75,75,75,75,75,75,75,75,75,75,75,75,75,75,75,75,75,75,75,75,75,75,75,75,75,75,75],"card_choices":[{"not_picked":["EmptyFist","ClearTheMind"],"picked":"Consecrate","floor":1.0},{"not_picked":["ReachHeaven","Worship","Weave"],"picked":"SKIP","floor":4.0},{"not_picked":["ThirdEye","FlurryOfBlows"],"picked":"CutThroughFate","floor":5.0},{"not_picked":["WaveOfTheHand","LessonLearned"],"picked":"Adaptation","floor":7.0},{"not_picked":["ReachHeaven","Evaluate"],"picked":"SandsOfTime","floor":8.0},{"not_picked":["Consecrate","Protect"],"picked":"MentalFortress+1","floor":10.0},{"not_picked":["EmptyFist","BowlingBash"],"picked":"Wallop","floor":12.0},{"not_picked":["DeceiveReality","Worship"],"picked":"EmptyFist","floor":13.0},{"not_picked":["WreathOfFlame","JustLucky","Vengeance"],"picked":"SKIP","floor":14.0},{"not_picked":["DeusExMachina","ConjureBlade"],"picked":"Vault","floor":16.0},{"not_picked":["Collect","Pray","Wallop"],"picked":"SKIP","floor":18.0},{"not_picked":["Swivel","JustLucky","PathToVictory"],"picked":"SKIP","floor":19.0},{"not_picked":["Sanctity","Weave","SandsOfTime"],"picked":"SKIP","floor":21.0},{"not_picked":["Evaluate+1","FollowUp","EmptyBody+1"],"picked":"SKIP","floor":23.0},{"not_picked":["BowlingBash","Vengeance+1","Prostrate+1"],"picked":"SKIP","floor":24.0},{"not_picked":["BowlingBash","Vengeance+1","Prostrate+1"],"picked":"SKIP","floor":24.0},{"not_picked":["Protect+1","Study+1"],"picked":"Crescendo+1","floor":27.0},{"not_picked":["Consecrate","Evaluate+1","BowlingBash+1"],"picked":"SKIP","floor":29.0},{"not_picked":["ThirdEye+1","Evaluate+1","Crescendo+1"],"picked":"SKIP","floor":30.0},{"not_picked":["Nirvana+1","CrushJoints+1","Crescendo+1"],"picked":"SKIP","floor":31.0},{"not_picked":["LessonLearned","Blasphemy+1"],"picked":"Devotion+1","floor":33.0},{"not_picked":["ThirdEye+1","ClearTheMind+1"],"picked":"Protect+1","floor":35.0},{"not_picked":["CutThroughFate","PathToVictory+1","WreathOfFlame+1"],"picked":"SKIP","floor":36.0},{"not_picked":["LikeWater+1","EmptyBody+1","EmptyFist+1","DeceiveReality+1"],"picked":"SKIP","floor":38.0},{"not_picked":["Evaluate+1","Consecrate","Alpha+1"],"picked":"FlurryOfBlows","floor":41.0},{"not_picked":["EmptyBody+1","FollowUp","Evaluate+1"],"picked":"Perseverance+1","floor":44.0},{"not_picked":["WreathOfFlame+1","FlurryOfBlows","SpiritShield+1","BattleHymn+1"],"picked":"SKIP","floor":47},{"not_picked":["EmptyBody+1","Wireheading+1","Crescendo+1","FollowUp"],"picked":"SKIP","floor":48}],"player_experience":755751,"relics_obtained":[{"floor":8.0,"key":"Frozen Egg 2"},{"floor":9.0,"key":"The Courier"},{"floor":10.0,"key":"Strawberry"},{"floor":14.0,"key":"Juzu Bracelet"},{"floor":23.0,"key":"Toxic Egg 2"},{"floor":26.0,"key":"Nunchaku"},{"floor":27.0,"key":"CeramicFish"},{"floor":43.0,"key":"Mummified Hand"},{"floor":45.0,"key":"Dead Branch"},{"floor":47,"key":"Pen Nib"}],"event_choices":[{"damage_healed":0.0,"max_hp_gain":0.0,"max_hp_loss":0.0,"gold_gain":0.0,"event_name":"Upgrade Shrine","player_choice":"Upgraded","floor":3.0,"gold_loss":0.0,"damage_taken":0.0,"cards_upgraded":["Eruption"]},{"damage_healed":0.0,"max_hp_gain":0.0,"max_hp_loss":0.0,"gold_gain":0.0,"event_name":"Addict","player_choice":"Obtained Relic","floor":20.0,"gold_loss":85.0,"damage_taken":0.0,"relics_obtained":["Yang"]},{"damage_healed":0.0,"max_hp_gain":0.0,"max_hp_loss":0.0,"gold_gain":0.0,"event_name":"Accursed Blacksmith","player_choice":"Forge","floor":28.0,"gold_loss":0.0,"damage_taken":0.0,"cards_upgraded":["LessonLearned"]},{"damage_healed":0.0,"max_hp_gain":0.0,"max_hp_loss":0.0,"gold_gain":0.0,"event_name":"Winding Halls","player_choice":"Embrace Madness","floor":39.0,"gold_loss":0.0,"damage_taken":14.0,"cards_obtained":["Madness","Madness"]},{"damage_healed":0.0,"max_hp_gain":0.0,"max_hp_loss":0.0,"gold_gain":0.0,"event_name":"Mysterious Sphere","player_choice":"Ignored","floor":42.0,"gold_loss":0.0,"damage_taken":0.0},{"damage_healed":0.0,"max_hp_gain":0.0,"max_hp_loss":0.0,"gold_gain":0.0,"event_name":"MindBloom","player_choice":"Fight","floor":45.0,"gold_loss":0.0,"damage_taken":0.0}],"is_beta":false,"boss_relics":[{"not_picked":["Pandora\u0027s Box","Black Star"],"picked":"Fusion Hammer"},{"not_picked":["Sozu","SacredBark"],"picked":"Empty Cage"}],"items_purged_floors":[22,37],"is_endless":false,"potions_floor_spawned":[7,10,12,13,19,24,30,33,36,38,41,45],"killed_by":"Time Eater","ascension_level":15}