{"gold_per_floor":[14,30,30,47,72,72,104,118,118,134,59,59,78,112,112,186,186,201,251,271,301,301,331,331,361,388,401,491,491,34,51,51,125,125,142,17,31,31,50,80,80,100,176,190,221,221,239,292,292,292],"floor_reached":51,"playtime":5633,"items_purged":["Strike_P","Defend_P","Strike_P"],"score":1456,"play_id":"21c85f1e-fba9-4c51-b00a-b6fb67cf2c5b","local_time":"20230328143635","is_ascension_mode":true,"campfire_choices":[{"data":"JustLucky","floor":6.0,"key":"SMITH"},{"floor":12.0,"key":"REST"},{"data":"Adaptation","floor":15.0,"key":"SMITH"},{"data":"WindmillStrike","floor":24.0,"key":"SMITH"},{"floor":29.0,"key":"REST"},{"data":"SpiritShield","floor":32.0,"key":"SMITH"},{"floor":46,"key":"REST"},{"floor":49,"key":"REST"}],"neow_cost":"NO_GOLD","seed_source_timestamp":0,"circlet_count":0,"master_deck":["AscendersBane","Strike_P","Defend_P","Eruption+1","Vigilance+1","Conclude","Adaptation+1","JustLucky+1","ClearTheMind+1","FearNoEvil","CutThroughFate+1","Evaluate+1","FlurryOfBlows","WindmillStrike+1","CrushJoints+1","SpiritShield+1","Master of Strategy","LessonLearned","TalkToTheHand+1","Adaptation+1","InnerPeace+1","Secret Technique+1","Master of Strategy","TalkToTheHand","Vault"],"special_seed":0,"relics":["PureWater","Centennial Puzzle","Mercury Hourglass","White Beast Statue","Potion Belt","Runic Pyramid","Red Mask","Blue Candle","Pantograph","Ancient Tea Set","Fusion Hammer","TeardropLocket","Gremlin Horn","HornCleat","Turnip"],"potions_floor_usage":[33,35,50,50],"damage_taken":[{"damage":7.0,"enemies":"Jaw Worm","floor":1.0,"turns":3.0},{"damage":0.0,"enemies":"Cultist","floor":2.0,"turns":2.0},{"damage":4.0,"enemies":"Small Slimes","floor":4.0,"turns":2.0},{"damage":7.0,"enemies":"3 Sentries","floor":7.0,"turns":3.0},{"damage":6.0,"enemies":"Looter","floor":8.0,"turns":2.0},{"damage":1.0,"enemies":"2 Fungi Beasts","floor":10.0,"turns":3.0},{"damage":1.0,"enemies":"Red Slaver","floor":13.0,"turns":2.0},{"damage":3.0,"enemies":"Lagavulin","floor":14.0,"turns":5.0},{"damage":16.0,"enemies":"The Guardian","floor":16.0,"turns":12.0},{"damage":5.0,"enemies":"2 Thieves","floor":18.0,"turns":2.0},{"damage":0.0,"enemies":"Spheric Guardian","floor":20.0,"turns":3.0},{"damage":0.0,"enemies":"Masked Bandits","floor":21.0,"turns":2.0},{"damage":6.0,"enemies":"Gremlin Leader","floor":23.0,"turns":3.0},{"damage":0.0,"enemies":"Slavers","floor":25.0,"turns":3.0},{"damage":18.0,"enemies":"Snake Plant","floor":27.0,"turns":3.0},{"damage":0.0,"enemies":"3 Cultists","floor":31.0,"turns":3.0},{"damage":0,"enemies":"Automaton","floor":33,"turns":6},{"damage":0,"enemies":"3 Darklings","floor":35,"turns":3},{"damage":1,"enemies":"3 Shapes","floor":37,"turns":4},{"damage":6,"enemies":"Transient","floor":39,"turns":5},{"damage":0,"enemies":"Giant Head","floor":40,"turns":5},{"damage":1,"enemies":"Writhing Mass","floor":42,"turns":4},{"damage":11,"enemies":"4 Shapes","floor":44,"turns":3},{"damage":2,"enemies":"Nemesis","floor":45,"turns":5},{"damage":0,"enemies":"Transient","floor":47,"turns":6},{"damage":8,"enemies":"2 Orb Walkers","floor":48,"turns":3},{"damage":47,"enemies":"Awakened One","floor":50,"turns":10}],"seed_played":"1040634891579395349","potions_obtained":[{"floor":1.0,"key":"Explosive Potion"},{"floor":4.0,"key":"Swift Potion"},{"floor":8.0,"key":"SteroidPotion"},{"floor":10.0,"key":"BottledMiracle"},{"floor":13.0,"key":"GamblersBrew"},{"floor":14.0,"key":"DuplicationPotion"},{"floor":16.0,"key":"PowerPotion"},{"floor":18.0,"key":"DistilledChaos"},{"floor":23.0,"key":"BottledMiracle"},{"floor":25.0,"key":"Energy Potion"},{"floor":27.0,"key":"Swift Potion"},{"floor":31.0,"key":"PowerPotion"},{"floor":33,"key":"LiquidMemories"},{"floor":35,"key":"Weak Potion"},{"floor":37,"key":"Fire Potion"},{"floor":39,"key":"FairyPotion"},{"floor":42,"key":"GamblersBrew"}],"is_trial":false,"path_per_floor":["M","M","?","M","T","R","E","M","T","M","$","R","M","E","R","B",null,"M","?","M","?","?","E","R","E","T","M","?","R","$","M","R","B",null,"M","$","M","$","M","E","?","M","T","M","E","R","M","?","R","B",null],"character_chosen":"WATCHER","items_purchased":["SpiritShield","Master of Strategy"],"campfire_rested":4,"item_purchase_floors":[30,30],"current_hp_per_floor":[54,54,54,50,50,50,43,37,37,36,36,56,55,52,52,36,60,55,55,55,55,55,49,49,49,49,31,19,39,39,39,39,64,67,67,67,66,66,60,60,50,49,49,38,36,56,56,48,68,21],"gold":292,"neow_bonus":"REMOVE_TWO","is_prod":false,"is_daily":false,"chose_seed":false,"campfire_upgraded":4,"win_rate":0,"timestamp":1680039395,"path_taken":["M","M","?","M","?","R","E","M","T","?","$","R","M","E","R","BOSS","M","?","M","?","?","E","R","E","T","M","?","R","$","?","R","BOSS","M","?","M","$","M","E","?","M","T","M","E","R","M","?","R","BOSS"],"build_version":"2022-12-18","purchased_purges":3,"victory":true,"max_hp_per_floor":[68,68,68,68,68,68,68,68,68,68,68,68,68,68,68,68,68,68,68,68,68,68,68,68,68,68,68,68,68,68,68,68,68,68,68,68,68,68,68,68,68,68,68,68,68,68,68,68,68,68],"card_choices":[{"not_picked":["BattleHymn","FlurryOfBlows"],"picked":"Conclude","floor":1.0},{"not_picked":["FollowUp","WaveOfTheHand"],"picked":"Adaptation","floor":2.0},{"not_picked":["SashWhip","MasterReality"],"picked":"JustLucky","floor":4.0},{"not_picked":["EmptyFist","Sanctity"],"picked":"ClearTheMind","floor":7.0},{"not_picked":["SashWhip","FollowUp"],"picked":"FearNoEvil","floor":8.0},{"not_picked":["Prostrate","FollowUp"],"picked":"CutThroughFate","floor":10.0},{"not_picked":["FlurryOfBlows","FlyingSleeves"],"picked":"Evaluate","floor":13.0},{"not_picked":["CrushJoints","Halt","FlyingSleeves"],"picked":"SKIP","floor":14.0},{"not_picked":["Vengeance+1","Protect"],"picked":"FlurryOfBlows","floor":18.0},{"not_picked":["Nirvana","CutThroughFate"],"picked":"WindmillStrike","floor":20.0},{"not_picked":["Protect","Conclude"],"picked":"CrushJoints+1","floor":21.0},{"not_picked":["ClearTheMind","EmptyBody","FlyingSleeves"],"picked":"SKIP","floor":23.0},{"not_picked":["Nirvana","LikeWater","CutThroughFate"],"picked":"SKIP","floor":25.0},{"not_picked":["Consecrate","FlurryOfBlows","Pray"],"picked":"SKIP","floor":27.0},{"not_picked":["ThirdEye","EmptyFist","Wireheading"],"picked":"SKIP","floor":31.0},{"not_picked":["Wish","Omniscience"],"picked":"LessonLearned","floor":33},{"not_picked":["CrushJoints+1","ReachHeaven"],"picked":"TalkToTheHand","floor":35},{"not_picked":["FollowUp","Consecrate","WreathOfFlame"],"picked":"SKIP","floor":37},{"not_picked":["Wish","ClearTheMind"],"picked":"Adaptation","floor":39},{"not_picked":["LikeWater","FearNoEvil"],"picked":"InnerPeace+1","floor":40},{"not_picked":["Panacea","Mayhem"],"picked":"Secret Technique","floor":41},{"not_picked":["Chrysalis","Panacea"],"picked":"Master of Strategy","floor":41},{"not_picked":["EmptyFist","ThirdEye"],"picked":"TalkToTheHand","floor":42},{"not_picked":["Collect","Evaluate+1","Consecrate"],"picked":"SKIP","floor":44},{"not_picked":["Wireheading","Evaluate"],"picked":"Vault","floor":45},{"not_picked":["BattleHymn","Evaluate","BowlingBash"],"picked":"SKIP","floor":47}],"player_experience":768340,"relics_obtained":[{"floor":5.0,"key":"Centennial Puzzle"},{"floor":7.0,"key":"Mercury Hourglass"},{"floor":9.0,"key":"White Beast Statue"},{"floor":14.0,"key":"Potion Belt"},{"floor":21.0,"key":"Red Mask"},{"floor":23.0,"key":"Blue Candle"},{"floor":25.0,"key":"Pantograph"},{"floor":26.0,"key":"Ancient Tea Set"},{"floor":40,"key":"TeardropLocket"},{"floor":43,"key":"Gremlin Horn"},{"floor":45,"key":"HornCleat"},{"floor":48,"key":"Turnip"}],"event_choices":[{"damage_healed":0.0,"max_hp_gain":0.0,"max_hp_loss":0.0,"gold_gain":0.0,"event_name":"Living Wall","player_choice":"Grow","floor":3.0,"gold_loss":0.0,"damage_taken":0.0,"cards_upgraded":["Eruption"]},{"damage_healed":0.0,"max_hp_gain":0.0,"max_hp_loss":0.0,"gold_gain":50.0,"event_name":"Nest","player_choice":"Stole From Cult","floor":19.0,"gold_loss":0.0,"damage_taken":0.0},{"damage_healed":0.0,"max_hp_gain":0.0,"max_hp_loss":0.0,"gold_gain":0.0,"event_name":"Masked Bandits","player_choice":"Fought Bandits","floor":21.0,"gold_loss":0.0,"damage_taken":0.0},{"cards_removed":["Strike_P"],"damage_healed":0.0,"max_hp_gain":0.0,"max_hp_loss":0.0,"gold_gain":0.0,"event_name":"Back to Basics","player_choice":"Elegance","floor":22.0,"gold_loss":0.0,"damage_taken":0.0},{"damage_healed":0.0,"max_hp_gain":0.0,"max_hp_loss":0.0,"gold_gain":90.0,"event_name":"Knowing Skull","player_choice":"GOLD ","floor":28.0,"potions_obtained":[],"gold_loss":0.0,"damage_taken":12.0,"cards_obtained":[]},{"damage_healed":0,"gold_gain":0,"player_choice":"Memory 3","damage_taken":10,"max_hp_gain":0,"max_hp_loss":0,"event_name":"SensoryStone","floor":41,"gold_loss":0},{"damage_healed":0,"gold_gain":0,"player_choice":"Fight","damage_taken":0,"max_hp_gain":0,"max_hp_loss":0,"event_name":"Mysterious Sphere","floor":48,"gold_loss":0}],"is_beta":false,"boss_relics":[{"not_picked":["Cursed Key","Tiny House"],"picked":"Runic Pyramid"},{"not_picked":["Pandora\u0027s Box","HolyWater"],"picked":"Fusion Hammer"}],"items_purged_floors":[11,30,36],"is_endless":false,"potions_floor_spawned":[1,4,8,10,13,14,16,18,20,21,23,25,27,31,33,35,37,39,40,42,44,45,47,48],"ascension_level":15}