{"gold_per_floor":[110,120,136,151,151,179,179,210,210,210,223,223,242,267,267,338,338,354,354,365,383,49,81,81,113,113,124,124,144,176,190,190,262,262,280,555,241,252,271,271,120,151,175,202,221,253,253,264,264,264],"floor_reached":51,"playtime":4506,"items_purged":["Strike_P","Defend_P","Defend_P"],"score":1519,"play_id":"27d6c8ef-fd24-461f-978b-b740e7855dca","local_time":"20230411153753","is_ascension_mode":true,"campfire_choices":[{"data":"Eruption","floor":7.0,"key":"SMITH"},{"data":"SashWhip","floor":10.0,"key":"SMITH"},{"data":"Wallop","floor":12.0,"key":"SMITH"},{"floor":15.0,"key":"DIG"},{"data":"Ragnarok","floor":24.0,"key":"SMITH"},{"floor":28.0,"key":"DIG"},{"floor":32.0,"key":"DIG"},{"floor":40.0,"key":"DIG"},{"floor":49,"key":"REST"}],"neow_cost":"NONE","seed_source_timestamp":0,"circlet_count":0,"master_deck":["AscendersBane","Strike_P","Strike_P","Strike_P+1","Defend_P","Eruption+1","Vigilance","SashWhip+1","EmptyFist","Wallop+1","InnerPeace+1","FlyingSleeves","Indignation","Consecrate","Ragnarok+1","MentalFortress+1","FollowUp","Swivel+1","FearNoEvil","Halt","LessonLearned+1","MentalFortress","ClearTheMind","Wallop","Halt+1","WheelKick","Evaluate","InnerPeace"],"special_seed":0,"relics":["PureWater","Blood Vial","Centennial Puzzle","Dream Catcher","Meat on the Bone","Shovel","Bag of Preparation","Runic Pyramid","OrangePellets","Incense Burner","Anchor","WingedGreaves","Omamori","Regal Pillow","Strawberry","Busted Crown","Orrery","Blue Candle","Happy Flower","Bag of Marbles","Bottled Tornado","Unceasing Top"],"potions_floor_usage":[50,50],"damage_taken":[{"damage":0.0,"enemies":"Cultist","floor":1.0,"turns":3.0},{"damage":3.0,"enemies":"2 Louse","floor":2.0,"turns":3.0},{"damage":0.0,"enemies":"Jaw Worm","floor":3.0,"turns":3.0},{"damage":5.0,"enemies":"Red Slaver","floor":4.0,"turns":5.0},{"damage":12.0,"enemies":"Lagavulin","floor":6.0,"turns":4.0},{"damage":0.0,"enemies":"Gremlin Nob","floor":8.0,"turns":2.0},{"damage":0.0,"enemies":"Gremlin Gang","floor":11.0,"turns":4.0},{"damage":0.0,"enemies":"Large Slime","floor":13.0,"turns":3.0},{"damage":0.0,"enemies":"3 Sentries","floor":14.0,"turns":4.0},{"damage":16.0,"enemies":"The Guardian","floor":16.0,"turns":11.0},{"damage":0.0,"enemies":"Chosen","floor":18.0,"turns":4.0},{"damage":2.0,"enemies":"Shell Parasite","floor":20.0,"turns":3.0},{"damage":4.0,"enemies":"Centurion and Healer","floor":21.0,"turns":4.0},{"damage":4.0,"enemies":"Book of Stabbing","floor":23.0,"turns":4.0},{"damage":7.0,"enemies":"Slavers","floor":25.0,"turns":4.0},{"damage":0.0,"enemies":"Snecko","floor":27.0,"turns":2.0},{"damage":0.0,"enemies":"Cultist and Chosen","floor":29.0,"turns":4.0},{"damage":0.0,"enemies":"Gremlin Leader","floor":30.0,"turns":6.0},{"damage":0.0,"enemies":"Centurion and Healer","floor":31.0,"turns":7.0},{"damage":21.0,"enemies":"Automaton","floor":33.0,"turns":8.0},{"damage":14.0,"enemies":"3 Darklings","floor":35.0,"turns":5.0},{"damage":0.0,"enemies":"Orb Walker","floor":38.0,"turns":3.0},{"damage":0.0,"enemies":"4 Shapes","floor":39.0,"turns":7.0},{"damage":7.0,"enemies":"Giant Head","floor":42.0,"turns":9.0},{"damage":27,"enemies":"Nemesis","floor":44,"turns":3},{"damage":0,"enemies":"Spire Growth","floor":45,"turns":4},{"damage":28,"enemies":"Giant Head","floor":46,"turns":8},{"damage":8,"enemies":"Writhing Mass","floor":48,"turns":5},{"damage":35,"enemies":"Donu and Deca","floor":50,"turns":12}],"seed_played":"8067700737358860890","potions_obtained":[{"floor":1.0,"key":"SpeedPotion"},{"floor":2.0,"key":"Fruit Juice"},{"floor":3.0,"key":"Fire Potion"},{"floor":11.0,"key":"SneckoOil"},{"floor":14.0,"key":"Swift Potion"},{"floor":18.0,"key":"Fire Potion"},{"floor":21.0,"key":"Energy Potion"},{"floor":23.0,"key":"Energy Potion"},{"floor":27.0,"key":"GamblersBrew"},{"floor":33.0,"key":"Regen Potion"},{"floor":42.0,"key":"Explosive Potion"},{"floor":44,"key":"Ancient Potion"},{"floor":45,"key":"EssenceOfSteel"},{"floor":46,"key":"EssenceOfSteel"}],"is_trial":false,"path_per_floor":["M","M","M","M","?","E","R","E","T","R","M","R","M","E","R","B",null,"M","?","M","M","$","E","R","E","T","M","R","M","E","M","R","B",null,"M","?","$","M","M","R","$","E","T","E","M","E","?","M","R","B",null],"character_chosen":"WATCHER","items_purchased":["OrangePellets","FollowUp","Swivel","Orrery","BottledMiracle","Halt"],"campfire_rested":1,"item_purchase_floors":[22,22,22,37,37,41],"current_hp_per_floor":[63,62,69,66,66,56,56,58,58,58,60,60,62,64,64,50,67,69,65,65,63,63,61,61,56,56,58,58,60,62,64,71,52,73,61,61,61,63,65,65,65,73,73,48,50,36,52,46,80,45],"gold":264,"neow_bonus":"RANDOM_COMMON_RELIC","is_prod":false,"is_daily":false,"chose_seed":false,"campfire_upgraded":4,"win_rate":0,"timestamp":1681252673,"path_taken":["M","?","M","M","?","E","R","E","T","R","?","R","M","E","R","BOSS","M","?","M","M","$","E","R","E","T","M","R","M","E","M","R","BOSS","M","?","$","M","M","R","$","E","T","E","?","E","?","M","R","BOSS"],"build_version":"2022-12-18","purchased_purges":3,"victory":true,"max_hp_per_floor":[68,68,73,73,73,73,73,73,73,73,73,73,73,73,73,73,73,73,73,73,73,73,73,73,73,73,73,73,73,73,73,80,80,80,80,80,80,80,80,80,80,80,80,80,80,80,80,80,80,80],"card_choices":[{"not_picked":["Swivel","FlurryOfBlows"],"picked":"SashWhip","floor":1.0},{"not_picked":["LikeWater","Collect"],"picked":"EmptyFist","floor":2.0},{"not_picked":["Indignation","ClearTheMind"],"picked":"Wallop","floor":3.0},{"not_picked":["Meditate","EmptyBody"],"picked":"InnerPeace","floor":4.0},{"not_picked":["FlyingSleeves","WreathOfFlame","SpiritShield"],"picked":"SKIP","floor":6.0},{"not_picked":["WreathOfFlame","Weave"],"picked":"Indignation","floor":8.0},{"not_picked":["EmptyBody","CutThroughFate","Halt"],"picked":"SKIP","floor":11.0},{"not_picked":["Prostrate","ThirdEye","WaveOfTheHand"],"picked":"SKIP","floor":13.0},{"not_picked":["Worship","EmptyFist"],"picked":"Consecrate","floor":14.0},{"not_picked":["Blasphemy","Omniscience"],"picked":"Ragnarok","floor":16.0},{"not_picked":["Vengeance","BowlingBash","EmptyFist"],"picked":"SKIP","floor":18.0},{"not_picked":["EmptyBody","Prostrate","CutThroughFate"],"picked":"SKIP","floor":20.0},{"not_picked":["EmptyFist","ClearTheMind"],"picked":"MentalFortress","floor":21.0},{"not_picked":["PathToVictory","ThirdEye","Protect"],"picked":"SKIP","floor":23.0},{"not_picked":["CarveReality","BowlingBash"],"picked":"FearNoEvil","floor":25.0},{"not_picked":["Collect","ReachHeaven","Brilliance"],"picked":"SKIP","floor":27.0},{"not_picked":["Halt","WreathOfFlame","EmptyBody"],"picked":"SKIP","floor":29.0},{"not_picked":["WreathOfFlame","EmptyBody"],"picked":"Halt","floor":29.0},{"not_picked":["Worship+1","Study+1","ThirdEye"],"picked":"SKIP","floor":30.0},{"not_picked":["Worship+1","Study+1","ThirdEye"],"picked":"SKIP","floor":30.0},{"not_picked":["Prostrate","ForeignInfluence","SashWhip"],"picked":"SKIP","floor":31.0},{"not_picked":["Establishment","Vault"],"picked":"LessonLearned","floor":33.0},{"not_picked":[],"picked":"MentalFortress","floor":35.0},{"not_picked":[],"picked":"ClearTheMind","floor":37.0},{"not_picked":[],"picked":"Wallop","floor":37.0},{"not_picked":["SashWhip"],"picked":"SKIP","floor":38.0},{"not_picked":["SashWhip"],"picked":"SKIP","floor":38.0},{"not_picked":["CutThroughFate+1"],"picked":"SKIP","floor":39.0},{"not_picked":["Sanctity"],"picked":"SKIP","floor":42.0},{"not_picked":[],"picked":"WheelKick","floor":44},{"not_picked":["Pray"],"picked":"SKIP","floor":45},{"not_picked":["Pray"],"picked":"SKIP","floor":45},{"not_picked":["Evaluate"],"picked":"SKIP","floor":46},{"not_picked":[],"picked":"Evaluate","floor":46},{"not_picked":["JustLucky"],"picked":"SKIP","floor":48},{"not_picked":[],"picked":"InnerPeace","floor":49}],"player_experience":789427,"relics_obtained":[{"floor":6.0,"key":"Centennial Puzzle"},{"floor":8.0,"key":"Dream Catcher"},{"floor":9.0,"key":"Meat on the Bone"},{"floor":14.0,"key":"Shovel"},{"floor":15.0,"key":"Bag of Preparation"},{"floor":23.0,"key":"Incense Burner"},{"floor":25.0,"key":"Anchor"},{"floor":26.0,"key":"WingedGreaves"},{"floor":28.0,"key":"Omamori"},{"floor":30.0,"key":"Regal Pillow"},{"floor":32.0,"key":"Strawberry"},{"floor":40.0,"key":"Blue Candle"},{"floor":42.0,"key":"Happy Flower"},{"floor":43.0,"key":"Bag of Marbles"},{"floor":44,"key":"Bottled Tornado"},{"floor":46,"key":"Unceasing Top"}],"event_choices":[{"damage_healed":0.0,"max_hp_gain":0.0,"max_hp_loss":0.0,"gold_gain":0.0,"cards_transformed":["Defend_P"],"event_name":"Transmorgrifier","player_choice":"Transformed","floor":5.0,"gold_loss":0.0,"damage_taken":0.0,"cards_obtained":["FlyingSleeves"]},{"damage_healed":0.0,"max_hp_gain":0.0,"max_hp_loss":0.0,"gold_gain":0.0,"event_name":"The Woman in Blue","player_choice":"Bought 0 Potions","floor":19.0,"gold_loss":0.0,"damage_taken":0.0},{"damage_healed":0.0,"max_hp_gain":0.0,"max_hp_loss":0.0,"gold_gain":275.0,"event_name":"Golden Shrine","player_choice":"Desecrate","floor":36.0,"gold_loss":0.0,"damage_taken":0.0,"cards_obtained":["Regret"]},{"damage_healed":16,"gold_gain":0,"player_choice":"Writhe","damage_taken":0,"max_hp_gain":0,"max_hp_loss":0,"event_name":"Winding Halls","floor":47,"gold_loss":0,"cards_obtained":["Writhe"]}],"is_beta":false,"boss_relics":[{"not_picked":["Calling Bell","Philosopher\u0027s Stone"],"picked":"Runic Pyramid"},{"not_picked":["Coffee Dripper","Snecko Eye"],"picked":"Busted Crown"}],"items_purged_floors":[22,37,41],"is_endless":false,"potions_floor_spawned":[1,2,3,11,14,18,21,23,27,33,42,44,45,46],"ascension_level":16}