{"gold_per_floor":[119,135,146,221,231,231,231,262,262,289,289,299,55,86,86,160,160,174,74,89,89,89,89,108,121,121,134,159,159,173,183,183,256,256,268,268,281,156,176,191,191,27,27,43,59,59,59,69,69,69],"floor_reached":51,"playtime":4736,"items_purged":["Defend_P","Defend_P","MasterReality+1"],"score":1378,"play_id":"04189adb-8fca-40a8-be51-a9fe6ad0d5d5","local_time":"20230427131840","is_ascension_mode":true,"campfire_choices":[{"data":"Apotheosis","floor":6.0,"key":"SMITH"},{"floor":11.0,"key":"REST"},{"data":"TalkToTheHand","floor":15.0,"key":"SMITH"},{"floor":23.0,"key":"REST"},{"floor":29.0,"key":"REST"},{"floor":32.0,"key":"REST"},{"floor":41.0,"key":"REST"},{"floor":49,"key":"REST"}],"neow_cost":"PERCENT_DAMAGE","seed_source_timestamp":0,"circlet_count":0,"master_deck":["AscendersBane","Strike_P","Strike_P","Strike_P","Eruption","Vigilance","Apotheosis+1","Halt","TalkToTheHand+1","Crescendo","CutThroughFate","Adaptation","MentalFortress","MentalFortress","EmptyMind","Scrawl+1","ThirdEye+1","Madness","Madness","Scrawl+1","Vault"],"special_seed":0,"relics":["PureWater","Dream Catcher","Singing Bowl","Nunchaku","Happy Flower","DollysMirror","Orichalcum","Runic Pyramid","Matryoshka","Lantern","Astrolabe","Pen Nib","Akabeko","Meat on the Bone"],"potions_floor_usage":[50,50],"damage_taken":[{"damage":0.0,"enemies":"Jaw Worm","floor":1.0,"turns":3.0},{"damage":0.0,"enemies":"Small Slimes","floor":2.0,"turns":3.0},{"damage":0.0,"enemies":"Cultist","floor":3.0,"turns":4.0},{"damage":3.0,"enemies":"Large Slime","floor":5.0,"turns":6.0},{"damage":0.0,"enemies":"Lagavulin","floor":8.0,"turns":4.0},{"damage":0.0,"enemies":"3 Sentries","floor":10.0,"turns":5.0},{"damage":0.0,"enemies":"Exordium Wildlife","floor":12.0,"turns":3.0},{"damage":8.0,"enemies":"Gremlin Nob","floor":14.0,"turns":4.0},{"damage":12.0,"enemies":"The Guardian","floor":16.0,"turns":9.0},{"damage":8.0,"enemies":"3 Byrds","floor":18.0,"turns":4.0},{"damage":0.0,"enemies":"Spheric Guardian","floor":20.0,"turns":4.0},{"damage":9.0,"enemies":"Centurion and Healer","floor":24.0,"turns":4.0},{"damage":13.0,"enemies":"Snake Plant","floor":25.0,"turns":4.0},{"damage":30.0,"enemies":"3 Cultists","floor":27.0,"turns":5.0},{"damage":32.0,"enemies":"Slavers","floor":28.0,"turns":5.0},{"damage":1.0,"enemies":"Snecko","floor":30.0,"turns":6.0},{"damage":22.0,"enemies":"Snake Plant","floor":31.0,"turns":5.0},{"damage":30.0,"enemies":"Collector","floor":33.0,"turns":13.0},{"damage":18.0,"enemies":"3 Darklings","floor":35.0,"turns":6.0},{"damage":0.0,"enemies":"Orb Walker","floor":37.0,"turns":4.0},{"damage":5.0,"enemies":"4 Shapes","floor":39.0,"turns":6.0},{"damage":0.0,"enemies":"Transient","floor":40.0,"turns":6.0},{"damage":15.0,"enemies":"Sphere and 2 Shapes","floor":44.0,"turns":4.0},{"damage":9.0,"enemies":"4 Shapes","floor":45.0,"turns":4.0},{"damage":0,"enemies":"Writhing Mass","floor":48,"turns":4},{"damage":19,"enemies":"Donu and Deca","floor":50,"turns":14}],"seed_played":"-328053042330325119","potions_obtained":[{"floor":1.0,"key":"FearPotion"},{"floor":8.0,"key":"Explosive Potion"},{"floor":10.0,"key":"Swift Potion"},{"floor":12.0,"key":"GamblersBrew"},{"floor":20.0,"key":"Ancient Potion"},{"floor":27.0,"key":"Ambrosia"},{"floor":28.0,"key":"ColorlessPotion"},{"floor":37.0,"key":"EssenceOfSteel"},{"floor":44.0,"key":"EssenceOfSteel"}],"is_trial":false,"path_per_floor":["M","M","M","?","M","R","?","E","T","E","R","M","$","E","R","B",null,"M","$","M","$","?","R","M","M","T","M","E","R","M","M","R","B",null,"M","?","M","$","M","M","R","$","T","M","M","?","?","M","R","B",null],"character_chosen":"WATCHER","items_purchased":["DollysMirror","Pen Nib"],"campfire_rested":6,"item_purchase_floors":[13,42],"current_hp_per_floor":[43,43,43,32,29,29,29,29,29,29,51,51,51,45,45,35,64,58,58,60,60,60,80,73,62,62,34,2,29,30,10,39,11,75,59,59,61,61,58,60,93,93,93,80,73,53,53,67,100,81],"gold":69,"neow_bonus":"RANDOM_COLORLESS_2","is_prod":false,"is_daily":false,"chose_seed":false,"campfire_upgraded":2,"win_rate":0,"timestamp":1682626720,"path_taken":["M","M","M","?","M","R","?","E","T","E","R","M","$","E","R","BOSS","M","$","M","?","?","R","M","M","T","?","E","R","M","M","R","BOSS","M","?","M","$","M","M","R","$","T","M","M","?","?","M","R","BOSS"],"build_version":"2022-12-18","purchased_purges":3,"victory":true,"max_hp_per_floor":[68,68,68,68,68,68,68,68,68,68,70,70,70,72,72,74,74,76,76,78,78,78,80,82,84,84,86,86,88,90,92,94,96,96,98,98,100,100,102,104,106,106,106,108,110,110,110,112,112,112],"card_choices":[{"not_picked":["Master of Strategy","Sadistic Nature"],"picked":"Apotheosis","floor":0.0},{"not_picked":["ThirdEye","Evaluate"],"picked":"Halt","floor":1.0},{"not_picked":["Pray","BowlingBash","JustLucky"],"picked":"SKIP","floor":2.0},{"not_picked":["ThirdEye","Protect"],"picked":"TalkToTheHand","floor":3.0},{"not_picked":["Brilliance","Wireheading"],"picked":"Crescendo","floor":5.0},{"not_picked":["Pray","WreathOfFlame"],"picked":"CutThroughFate","floor":8.0},{"not_picked":["Perseverance","Consecrate"],"picked":"Adaptation","floor":10.0},{"not_picked":["JustLucky","CarveReality","Halt"],"picked":"Singing Bowl","floor":11.0},{"not_picked":["Worship","Protect"],"picked":"MentalFortress","floor":12.0},{"not_picked":["Prostrate","Crescendo","JustLucky"],"picked":"Singing Bowl","floor":14.0},{"not_picked":["MasterReality","SpiritShield","LessonLearned"],"picked":"Singing Bowl","floor":16.0},{"not_picked":["FlyingSleeves","MentalFortress+1","Nirvana"],"picked":"Singing Bowl","floor":18.0},{"not_picked":["Conclude","ForeignInfluence","PathToVictory"],"picked":"Singing Bowl","floor":20.0},{"not_picked":["EmptyFist+1","BattleHymn","MentalFortress"],"picked":"Singing Bowl","floor":23.0},{"not_picked":["CutThroughFate+1","JustLucky","FlurryOfBlows"],"picked":"Singing Bowl","floor":24.0},{"not_picked":["CutThroughFate","WreathOfFlame","FollowUp"],"picked":"Singing Bowl","floor":25.0},{"not_picked":["Wireheading","Consecrate","Evaluate"],"picked":"Singing Bowl","floor":27.0},{"not_picked":["Protect","SashWhip"],"picked":"EmptyMind","floor":28.0},{"not_picked":["Prostrate","Conclude","Protect"],"picked":"Singing Bowl","floor":29.0},{"not_picked":["WheelKick","Fasting2","Wireheading"],"picked":"Singing Bowl","floor":30.0},{"not_picked":["Prostrate","EmptyFist","Protect"],"picked":"Singing Bowl","floor":31.0},{"not_picked":["Protect","Halt","Pray+1"],"picked":"Singing Bowl","floor":32.0},{"not_picked":["Establishment","Judgement","Brilliance"],"picked":"Singing Bowl","floor":33.0},{"not_picked":["WindmillStrike+1","CutThroughFate+1","WheelKick"],"picked":"Singing Bowl","floor":35.0},{"not_picked":["Conclude","Crescendo","ForeignInfluence"],"picked":"Singing Bowl","floor":37.0},{"not_picked":["CutThroughFate","Consecrate","BowlingBash"],"picked":"Singing Bowl","floor":39.0},{"not_picked":["FollowUp","Sanctity","WindmillStrike+1"],"picked":"Singing Bowl","floor":40.0},{"not_picked":["Vengeance","DeceiveReality","WaveOfTheHand"],"picked":"Singing Bowl","floor":41.0},{"not_picked":["FlurryOfBlows+1","JustLucky","ClearTheMind"],"picked":"Singing Bowl","floor":44.0},{"not_picked":["Adaptation","EmptyBody","PathToVictory"],"picked":"Singing Bowl","floor":45.0},{"not_picked":["Vengeance","ThirdEye","Indignation"],"picked":"Singing Bowl","floor":48},{"not_picked":["BattleHymn","EmptyBody"],"picked":"Vault","floor":49}],"player_experience":810873,"relics_obtained":[{"floor":7.0,"key":"Dream Catcher"},{"floor":8.0,"key":"Singing Bowl"},{"floor":9.0,"key":"Nunchaku"},{"floor":10.0,"key":"Happy Flower"},{"floor":14.0,"key":"Orichalcum"},{"floor":26.0,"key":"Matryoshka"},{"floor":28.0,"key":"Lantern"},{"floor":43.0,"key":"Akabeko"},{"floor":43.0,"key":"Meat on the Bone"}],"event_choices":[{"damage_healed":0.0,"max_hp_gain":0.0,"max_hp_loss":0.0,"gold_gain":75.0,"event_name":"World of Goop","player_choice":"Gather Gold","floor":4.0,"gold_loss":0.0,"damage_taken":11.0},{"damage_healed":0.0,"max_hp_gain":0.0,"max_hp_loss":0.0,"gold_gain":0.0,"event_name":"Wheel of Change","player_choice":"Relic","floor":7.0,"gold_loss":0.0,"damage_taken":0.0},{"damage_healed":0.0,"max_hp_gain":0.0,"max_hp_loss":0.0,"gold_gain":0.0,"event_name":"The Mausoleum","player_choice":"Ignored","floor":22.0,"gold_loss":0.0,"damage_taken":0.0},{"damage_healed":0.0,"max_hp_gain":0.0,"max_hp_loss":0.0,"gold_gain":0.0,"event_name":"Mysterious Sphere","player_choice":"Ignored","floor":36.0,"gold_loss":0.0,"damage_taken":0.0},{"damage_healed":0.0,"max_hp_gain":0.0,"max_hp_loss":0.0,"gold_gain":0.0,"event_name":"Winding Halls","player_choice":"Embrace Madness","floor":46.0,"gold_loss":0.0,"damage_taken":20.0,"cards_obtained":["Madness","Madness"]},{"damage_healed":0,"gold_gain":0,"player_choice":"Copied","damage_taken":0,"max_hp_gain":0,"max_hp_loss":0,"event_name":"Duplicator","floor":47,"gold_loss":0,"cards_obtained":["Scrawl"]}],"is_beta":false,"boss_relics":[{"not_picked":["Black Star","Velvet Choker"],"picked":"Runic Pyramid"},{"not_picked":["Snecko Eye","SacredBark"],"picked":"Astrolabe"}],"items_purged_floors":[13,19,38],"is_endless":false,"potions_floor_spawned":[1,8,10,12,20,27,28,37,44],"ascension_level":17}