{"gold_per_floor":[110,127,141,141,160,188,188,223,223,258,276,94,94,94,94,187,187,203,203,223,39,39,39,74,74,74,74,110,110,125,159,159,254,317,366,366,384,409,35,35,79,79,79,92,151,151,174,195,195,195],"floor_reached":51,"playtime":4346,"items_purged":["Strike_P","Defend_P","Normality"],"score":1487,"play_id":"3472be61-121e-4c6a-bedf-8f8b694677a0","local_time":"20230806173913","is_ascension_mode":true,"campfire_choices":[{"floor":7.0,"key":"REST"},{"floor":13.0,"key":"REST"},{"floor":15.0,"key":"REST"},{"floor":27.0,"key":"RECALL"},{"floor":29.0,"key":"REST"},{"floor":32.0,"key":"REST"},{"floor":40,"key":"REST"},{"floor":46,"key":"REST"},{"floor":49,"key":"REST"}],"neow_cost":"NONE","seed_source_timestamp":0,"circlet_count":0,"master_deck":["AscendersBane","Strike_P","Strike_P","Defend_P","Defend_P","Eruption+1","Vigilance","Crescendo+1","WindmillStrike+1","CutThroughFate+1","Wallop","WaveOfTheHand+1","Indignation","EmptyMind+1","Flash of Steel","Meditate+1","Ghostly","Ghostly+1","Ghostly+1","LessonLearned","Wish","Worship","CarveReality","Halt","Omniscience","Protect","MentalFortress+1","MentalFortress","ClearTheMind","Clumsy","MentalFortress+1","DeceiveReality"],"special_seed":0,"relics":["Fusion Hammer","Darkstone Periapt","Meat on the Bone","Matryoshka","Akabeko","Shuriken","Art of War","Golden Idol","Cursed Key","Ornamental Fan","War Paint","Pear","Eternal Feather","TeardropLocket","Bottled Lightning","Tiny House","Melange","Frozen Egg 2","Spirit Poop","Pen Nib","GoldenEye"],"potions_floor_usage":[50,50],"damage_taken":[{"damage":1.0,"enemies":"Cultist","floor":1.0,"turns":4.0},{"damage":3.0,"enemies":"2 Louse","floor":2.0,"turns":3.0},{"damage":2.0,"enemies":"Jaw Worm","floor":3.0,"turns":3.0},{"damage":1.0,"enemies":"Looter","floor":5.0,"turns":3.0},{"damage":5.0,"enemies":"Lagavulin","floor":6.0,"turns":6.0},{"damage":0.0,"enemies":"Gremlin Nob","floor":8.0,"turns":3.0},{"damage":2.0,"enemies":"3 Sentries","floor":10.0,"turns":4.0},{"damage":0.0,"enemies":"2 Fungi Beasts","floor":11.0,"turns":2.0},{"damage":19.0,"enemies":"The Guardian","floor":16.0,"turns":8.0},{"damage":5.0,"enemies":"3 Byrds","floor":18.0,"turns":3.0},{"damage":2.0,"enemies":"2 Thieves","floor":20.0,"turns":4.0},{"damage":19.0,"enemies":"Slavers","floor":24.0,"turns":5.0},{"damage":1.0,"enemies":"Gremlin Leader","floor":28.0,"turns":5.0},{"damage":5.0,"enemies":"Snake Plant","floor":30.0,"turns":2.0},{"damage":21.0,"enemies":"Book of Stabbing","floor":31.0,"turns":5.0},{"damage":48.0,"enemies":"Automaton","floor":33.0,"turns":8.0},{"damage":10.0,"enemies":"3 Shapes","floor":35.0,"turns":6.0},{"damage":25,"enemies":"3 Darklings","floor":37,"turns":9},{"damage":0,"enemies":"Transient","floor":38,"turns":6},{"damage":2,"enemies":"Giant Head","floor":41,"turns":7},{"damage":14,"enemies":"Jaw Worm Horde","floor":44,"turns":5},{"damage":49,"enemies":"Nemesis","floor":45,"turns":9},{"damage":0,"enemies":"Maw","floor":47,"turns":8},{"damage":6,"enemies":"Sphere and 2 Shapes","floor":48,"turns":4},{"damage":66,"enemies":"Awakened One","floor":50,"turns":13}],"seed_played":"2570730062544655250","potions_obtained":[{"floor":3.0,"key":"Block Potion"},{"floor":6.0,"key":"LiquidBronze"},{"floor":8.0,"key":"DistilledChaos"},{"floor":16.0,"key":"SteroidPotion"},{"floor":20.0,"key":"EssenceOfSteel"},{"floor":24.0,"key":"BlessingOfTheForge"},{"floor":33.0,"key":"Energy Potion"},{"floor":47,"key":"Fruit Juice"}],"is_trial":false,"path_per_floor":["M","M","M","?","M","E","R","E","T","E","M","$","R","?","R","B",null,"M","?","M","$","?","?","E","?","T","R","E","R","M","E","R","B",null,"M","?","M","M","$","R","E","?","T","M","E","R","M","M","R","B",null],"character_chosen":"WATCHER","items_purchased":["Flash of Steel","LessonLearned","MentalFortress","Melange"],"campfire_rested":8,"item_purchase_floors":[12,21,39,39],"current_hp_per_floor":[60,57,55,44,43,38,58,58,58,56,56,56,68,45,65,46,63,58,34,32,32,38,38,31,31,47,56,55,56,51,30,56,20,52,42,42,29,41,41,61,59,59,65,51,14,52,52,46,67,18],"gold":195,"neow_bonus":"BOSS_RELIC","is_prod":false,"is_daily":false,"chose_seed":false,"campfire_upgraded":0,"win_rate":0,"timestamp":1691368753,"path_taken":["M","M","M","?","M","E","R","E","T","E","M","$","R","?","R","BOSS","M","?","M","$","?","?","E","?","T","R","E","R","M","E","R","BOSS","M","?","M","M","$","R","E","?","T","?","E","R","M","M","R","BOSS"],"build_version":"2022-12-18","purchased_purges":3,"victory":true,"max_hp_per_floor":[68,68,68,68,68,68,68,68,68,68,68,68,68,68,68,68,68,68,34,34,34,40,40,40,40,56,56,56,56,56,56,56,56,61,61,61,61,61,61,61,61,61,67,67,67,67,67,67,67,72],"card_choices":[{"not_picked":["Prostrate","Sanctity"],"picked":"Crescendo","floor":1.0},{"not_picked":["JustLucky","PathToVictory"],"picked":"WindmillStrike","floor":2.0},{"not_picked":["EmptyBody","Swivel"],"picked":"CutThroughFate","floor":3.0},{"not_picked":["FollowUp","SashWhip"],"picked":"Wallop","floor":5.0},{"not_picked":["CutThroughFate","JustLucky","FlyingSleeves"],"picked":"SKIP","floor":6.0},{"not_picked":["DevaForm","WreathOfFlame"],"picked":"WaveOfTheHand","floor":8.0},{"not_picked":["SashWhip","BattleHymn"],"picked":"Indignation","floor":10.0},{"not_picked":["JustLucky","Crescendo"],"picked":"EmptyMind","floor":11.0},{"not_picked":["DeceiveReality","BowlingBash"],"picked":"Meditate+1","floor":18.0},{"not_picked":["BowlingBash","ClearTheMind","PathToVictory"],"picked":"SKIP","floor":20.0},{"not_picked":["ClearTheMind","Vengeance","Crescendo"],"picked":"SKIP","floor":24.0},{"not_picked":["JustLucky","EmptyFist"],"picked":"CarveReality","floor":28.0},{"not_picked":["Indignation","Study"],"picked":"Halt","floor":30.0},{"not_picked":["Crescendo","Nirvana","Meditate"],"picked":"SKIP","floor":31.0},{"not_picked":["Crescendo","Nirvana","Meditate"],"picked":"SKIP","floor":31.0},{"not_picked":["ConjureBlade","LessonLearned"],"picked":"Omniscience","floor":33.0},{"not_picked":["SandsOfTime","ThirdEye"],"picked":"Protect","floor":35.0},{"not_picked":["LessonLearned","EmptyFist"],"picked":"MentalFortress","floor":37},{"not_picked":["Crescendo","Consecrate","CrushJoints"],"picked":"SKIP","floor":38},{"not_picked":["Omniscience","EmptyBody+1"],"picked":"ClearTheMind","floor":41},{"not_picked":["BowlingBash","EmptyFist","Indignation"],"picked":"SKIP","floor":44},{"not_picked":["Evaluate","Crescendo"],"picked":"MentalFortress+1","floor":45},{"not_picked":["Protect","ClearTheMind","Nirvana+1"],"picked":"SKIP","floor":47},{"not_picked":["BattleHymn+1","Consecrate"],"picked":"DeceiveReality","floor":48}],"player_experience":838558,"relics_obtained":[{"floor":6.0,"key":"Meat on the Bone"},{"floor":8.0,"key":"Matryoshka"},{"floor":9.0,"key":"Akabeko"},{"floor":9.0,"key":"Shuriken"},{"floor":10.0,"key":"Art of War"},{"floor":24.0,"key":"War Paint"},{"floor":26.0,"key":"Pear"},{"floor":26.0,"key":"Eternal Feather"},{"floor":28.0,"key":"TeardropLocket"},{"floor":31.0,"key":"Bottled Lightning"},{"floor":41,"key":"Frozen Egg 2"},{"floor":43,"key":"Pen Nib"},{"floor":45,"key":"GoldenEye"}],"event_choices":[{"damage_healed":0.0,"max_hp_gain":0.0,"max_hp_loss":0.0,"gold_gain":0.0,"event_name":"Scrap Ooze","player_choice":"Success","floor":4.0,"gold_loss":0.0,"damage_taken":11.0,"relics_obtained":["Darkstone Periapt"]},{"damage_healed":0.0,"max_hp_gain":0.0,"max_hp_loss":0.0,"gold_gain":0.0,"event_name":"Golden Idol","player_choice":"Take Damage","floor":14.0,"gold_loss":0.0,"damage_taken":23.0,"relics_obtained":["Golden Idol"]},{"damage_healed":0.0,"max_hp_gain":0.0,"max_hp_loss":34.0,"gold_gain":0.0,"event_name":"Ghosts","player_choice":"Became a Ghost","floor":19.0,"gold_loss":0.0,"damage_taken":0.0,"cards_obtained":["Ghostly","Ghostly","Ghostly"]},{"damage_healed":0.0,"max_hp_gain":0.0,"max_hp_loss":0.0,"gold_gain":0.0,"event_name":"Addict","player_choice":"Stole Relic","floor":22.0,"gold_loss":0.0,"damage_taken":0.0,"relics_obtained":["Ornamental Fan"],"cards_obtained":["Shame"]},{"damage_healed":0.0,"max_hp_gain":0.0,"max_hp_loss":0.0,"gold_gain":0.0,"event_name":"Cursed Tome","player_choice":"Ignored","floor":23.0,"gold_loss":0.0,"damage_taken":0.0},{"damage_healed":0.0,"max_hp_gain":0.0,"max_hp_loss":0.0,"gold_gain":0.0,"cards_transformed":["Defend_P","Strike_P"],"event_name":"Drug Dealer","player_choice":"Became Test Subject","floor":25.0,"gold_loss":0.0,"damage_taken":0.0,"cards_obtained":["Wish","Worship"]},{"damage_healed":0.0,"max_hp_gain":0.0,"max_hp_loss":0.0,"gold_gain":0.0,"event_name":"Mysterious Sphere","player_choice":"Ignored","floor":36.0,"gold_loss":0.0,"damage_taken":0.0},{"cards_removed":["Shame"],"damage_healed":0,"gold_gain":0,"player_choice":"Offered Curse","damage_taken":0,"relics_obtained":["Spirit Poop"],"max_hp_gain":0,"max_hp_loss":0,"event_name":"Bonfire Elementals","floor":42,"gold_loss":0}],"is_beta":false,"boss_relics":[{"not_picked":["Coffee Dripper","Snecko Eye"],"picked":"Cursed Key"},{"not_picked":["Sozu","Busted Crown"],"picked":"Tiny House"}],"items_purged_floors":[12,21,39],"is_endless":false,"potions_floor_spawned":[3,6,8,16,20,24,28,33,35,38,45,47],"ascension_level":18}