{"gold_per_floor":[114,114,39,39,39,82,82,116,116,116,116,139,173,189,189,315,315,334,348,49,62,62,103,103,103,103,122,156,181,205,111,111,232,232,256,256,281,301,301,337,337,337,337,390,417,26,26,39,39,39,39,39,39,81,81],"floor_reached":55,"playtime":5049,"items_purged":["Defend_P","Strike_P"],"score":958,"play_id":"0a1aa32f-c668-49f7-b438-71e2c2b380e8","local_time":"20230905214825","is_ascension_mode":true,"campfire_choices":[{"data":"Eruption","floor":7.0,"key":"SMITH"},{"data":"Reprogram","floor":10.0,"key":"SMITH"},{"data":"CutThroughFate","floor":15.0,"key":"SMITH"},{"floor":25.0,"key":"REST"},{"floor":32.0,"key":"REST"},{"data":"Secret Technique","floor":42.0,"key":"SMITH"},{"data":"Nirvana","floor":47.0,"key":"SMITH"},{"floor":49.0,"key":"RECALL"},{"data":"Vault","floor":52,"key":"SMITH"}],"neow_cost":"NONE","seed_source_timestamp":0,"circlet_count":0,"master_deck":["Eruption+1","Vigilance+1","CutThroughFate+1","Shrug It Off+1","Reprogram+1","Halt+1","FlyingSleeves+1","Immolate+1","ConjureBlade+1","LessonLearned+1","Study+1","Cloak And Dagger+1","Dagger Throw+1","CutThroughFate+1","Necronomicurse","FlyingSleeves+1","DeceiveReality+1","Reprogram+1","Vault+1","Stack","JustLucky","Nirvana+1","Secret Technique+1","CurseOfTheBell","Shrug It Off+1","Good Instincts","Apotheosis+1","Deflect","ForeignInfluence+1","Blade Dance+1","Flash of Steel","Crescendo","Outmaneuver+1"],"special_seed":0,"relics":["PureWater","PrismaticShard","NeowsBlessing","Golden Idol","Pear","Orichalcum","Yang","MealTicket","Astrolabe","Pen Nib","Necronomicon","Whetstone","Centennial Puzzle","Bird Faced Urn","Calling Bell","Lantern","Pantograph","GoldenEye","Ice Cream","Ornamental Fan","CeramicFish","Calipers","Bronze Scales"],"potions_floor_usage":[50,54,55,55],"damage_taken":[{"damage":0.0,"enemies":"2 Louse","floor":1.0,"turns":1.0},{"damage":0.0,"enemies":"Lagavulin","floor":6.0,"turns":1.0},{"damage":0.0,"enemies":"3 Sentries","floor":8.0,"turns":2.0},{"damage":0.0,"enemies":"Jaw Worm","floor":12.0,"turns":2.0},{"damage":5.0,"enemies":"Lagavulin","floor":13.0,"turns":5.0},{"damage":3.0,"enemies":"Small Slimes","floor":14.0,"turns":3.0},{"damage":0.0,"enemies":"Slime Boss","floor":16.0,"turns":8.0},{"damage":8.0,"enemies":"2 Thieves","floor":18.0,"turns":4.0},{"damage":7.0,"enemies":"Shell Parasite","floor":19.0,"turns":3.0},{"damage":7.0,"enemies":"Chosen and Byrds","floor":21.0,"turns":5.0},{"damage":28.0,"enemies":"Book of Stabbing","floor":23.0,"turns":5.0},{"damage":5.0,"enemies":"Snake Plant","floor":27.0,"turns":5.0},{"damage":9.0,"enemies":"Gremlin Leader","floor":28.0,"turns":7.0},{"damage":0.0,"enemies":"Centurion and Healer","floor":29.0,"turns":6.0},{"damage":10.0,"enemies":"Shelled Parasite and Fungi","floor":30.0,"turns":5.0},{"damage":41.0,"enemies":"Champ","floor":33.0,"turns":11.0},{"damage":1.0,"enemies":"3 Shapes","floor":35.0,"turns":3.0},{"damage":0.0,"enemies":"3 Darklings","floor":37.0,"turns":2.0},{"damage":0.0,"enemies":"Sphere and 2 Shapes","floor":38.0,"turns":4.0},{"damage":9.0,"enemies":"Nemesis","floor":40.0,"turns":8.0},{"damage":13.0,"enemies":"Reptomancer","floor":44.0,"turns":7.0},{"damage":15.0,"enemies":"Transient","floor":45.0,"turns":6.0},{"damage":0.0,"enemies":"Jaw Worm Horde","floor":48.0,"turns":2.0},{"damage":34,"enemies":"Time Eater","floor":50,"turns":13},{"damage":55,"enemies":"Shield and Spear","floor":54,"turns":8},{"damage":106,"enemies":"The Heart","floor":55,"turns":5}],"seed_played":"4693575215515079932","potions_obtained":[{"floor":6.0,"key":"Ambrosia"},{"floor":13.0,"key":"StancePotion"},{"floor":19.0,"key":"SmokeBomb"},{"floor":21.0,"key":"EssenceOfSteel"},{"floor":29.0,"key":"GamblersBrew"},{"floor":30.0,"key":"Weak Potion"},{"floor":35.0,"key":"StancePotion"},{"floor":44.0,"key":"StancePotion"},{"floor":45.0,"key":"SpeedPotion"},{"floor":54,"key":"EssenceOfSteel"}],"is_trial":false,"path_per_floor":["M","?","$","?","?","E","R","E","T","R","?","M","E","M","R","B",null,"M","M","$","M","?","E","?","R","T","M","E","M","M","$","R","B",null,"M","?","M","M","?","E","T","R","T","E","M","$","R","M","R","B",null,"R","$","E","B"],"character_chosen":"WATCHER","items_purchased":["CutThroughFate","Pen Nib","JustLucky","Nirvana","Calipers","Flash of Steel","Crescendo"],"campfire_rested":2,"item_purchase_floors":[20,20,31,31,46,46,46],"current_hp_per_floor":[72,67,67,60,60,70,70,70,70,70,70,70,65,62,62,62,77,69,62,77,70,54,26,26,49,49,44,35,37,29,44,67,28,77,76,66,68,70,70,63,63,63,63,52,41,56,56,56,56,45,77,77,77,26,0],"gold":81,"neow_bonus":"THREE_ENEMY_KILL","is_prod":false,"is_daily":false,"chose_seed":false,"campfire_upgraded":6,"win_rate":0,"timestamp":1693975705,"path_taken":["M","?","$","?","?","E","R","E","T","R","?","M","E","M","R","BOSS","M","M","$","M","?","E","?","R","T","M","E","M","M","?","R","BOSS","M","?","M","M","?","E","?","R","T","E","M","$","R","M","R","BOSS","R","$","E","BOSS"],"build_version":"2022-12-18","purchased_purges":2,"victory":false,"max_hp_per_floor":[72,67,67,67,67,77,77,77,77,77,77,77,77,77,77,77,77,77,77,77,77,77,77,77,77,77,77,77,77,77,77,77,77,77,77,77,77,77,77,77,77,77,77,77,77,77,77,77,77,77,77,77,77,77,77],"card_choices":[{"not_picked":["Streamline","Hologram"],"picked":"CutThroughFate","floor":1.0},{"not_picked":["Turbo","Evaluate"],"picked":"Shrug It Off","floor":6.0},{"not_picked":["Caltrops","Static Discharge"],"picked":"Reprogram","floor":8.0},{"not_picked":["Reckless Charge","Coolheaded"],"picked":"Halt","floor":12.0},{"not_picked":["Redo","Pummel"],"picked":"FlyingSleeves","floor":13.0},{"not_picked":["Conserve Battery","Flechettes","Protect"],"picked":"SKIP","floor":14.0},{"not_picked":["Barricade","Alpha"],"picked":"Immolate","floor":16.0},{"not_picked":["Coolheaded","Underhanded Strike"],"picked":"Cloak And Dagger","floor":18.0},{"not_picked":["Well Laid Plans","Intimidate"],"picked":"Dagger Throw+1","floor":19.0},{"not_picked":["Cold Snap","Doom and Gloom+1","FollowUp+1"],"picked":"SKIP","floor":21.0},{"not_picked":["Consume","Flex","Barrage"],"picked":"SKIP","floor":23.0},{"not_picked":["Tactician","Force Field","Carnage"],"picked":"SKIP","floor":27.0},{"not_picked":["Tactician","Force Field","Carnage"],"picked":"SKIP","floor":27.0},{"not_picked":["Worship","Sucker Punch+1"],"picked":"Reprogram","floor":28.0},{"not_picked":["BootSequence+1","FlurryOfBlows"],"picked":"Vault","floor":29.0},{"not_picked":["Ball Lightning","Sword Boomerang"],"picked":"Stack","floor":30.0},{"not_picked":["Omniscience","Envenom"],"picked":"Secret Technique","floor":33.0},{"not_picked":["Anger","Sanctity"],"picked":"Shrug It Off+1","floor":35.0},{"not_picked":["Discovery","Violence"],"picked":"Good Instincts","floor":36.0},{"not_picked":["Jack Of All Trades","Dark Shackles"],"picked":"Apotheosis","floor":36.0},{"not_picked":["Shrug It Off+1","Impatience","Hello World+1"],"picked":"SKIP","floor":37.0},{"not_picked":["Coolheaded+1","Twin Strike+1","Leap+1"],"picked":"SKIP","floor":38.0},{"not_picked":["Hemokinesis+1","Skim+1"],"picked":"Deflect","floor":40.0},{"not_picked":["Vengeance","Inflame"],"picked":"ForeignInfluence+1","floor":44.0},{"not_picked":["Armaments+1","Underhanded Strike+1"],"picked":"Blade Dance+1","floor":45.0},{"not_picked":["Body Slam","Slice","Chaos+1"],"picked":"SKIP","floor":48.0},{"not_picked":["Ragnarok","Darkness"],"picked":"Outmaneuver+1","floor":54}],"player_experience":879344,"relics_obtained":[{"floor":6.0,"key":"Pear"},{"floor":8.0,"key":"Orichalcum"},{"floor":9.0,"key":"Yang"},{"floor":13.0,"key":"MealTicket"},{"floor":22.0,"key":"Necronomicon"},{"floor":23.0,"key":"Whetstone"},{"floor":26.0,"key":"Centennial Puzzle"},{"floor":28.0,"key":"Bird Faced Urn"},{"floor":34.0,"key":"Lantern"},{"floor":34.0,"key":"Pantograph"},{"floor":34.0,"key":"GoldenEye"},{"floor":40.0,"key":"Ice Cream"},{"floor":41.0,"key":"Ornamental Fan"},{"floor":44.0,"key":"CeramicFish"},{"floor":54,"key":"Bronze Scales"}],"event_choices":[{"damage_healed":0.0,"max_hp_gain":0.0,"max_hp_loss":5.0,"gold_gain":0.0,"event_name":"Golden Idol","player_choice":"Lose Max HP","floor":2.0,"gold_loss":0.0,"damage_taken":0.0,"relics_obtained":["Golden Idol"]},{"cards_removed":["Defend_P"],"damage_healed":0.0,"max_hp_gain":0.0,"max_hp_loss":0.0,"gold_gain":0.0,"event_name":"Golden Wing","player_choice":"Card Removal","floor":4.0,"gold_loss":0.0,"damage_taken":7.0},{"damage_healed":0.0,"max_hp_gain":0.0,"max_hp_loss":0.0,"gold_gain":0.0,"event_name":"The Cleric","player_choice":"Leave","floor":5.0,"gold_loss":0.0,"damage_taken":0.0},{"damage_healed":0.0,"max_hp_gain":0.0,"max_hp_loss":0.0,"gold_gain":0.0,"event_name":"Liars Game","player_choice":"Ignored","floor":11.0,"gold_loss":0.0,"damage_taken":0.0},{"damage_healed":0.0,"max_hp_gain":0.0,"max_hp_loss":0.0,"gold_gain":0.0,"event_name":"Cursed Tome","player_choice":"Obtained Book","floor":22.0,"gold_loss":0.0,"damage_taken":16.0},{"damage_healed":0.0,"max_hp_gain":0.0,"max_hp_loss":0.0,"gold_gain":0.0,"cards_transformed":["Strike_P","Strike_P"],"event_name":"Drug Dealer","player_choice":"Became Test Subject","floor":24.0,"gold_loss":0.0,"damage_taken":0.0,"cards_obtained":["FlyingSleeves","DeceiveReality"]},{"damage_healed":0.0,"max_hp_gain":0.0,"max_hp_loss":0.0,"gold_gain":0.0,"event_name":"SensoryStone","player_choice":"Memory 3","floor":36.0,"gold_loss":0.0,"damage_taken":10.0},{"damage_healed":0.0,"max_hp_gain":0.0,"max_hp_loss":0.0,"gold_gain":0.0,"event_name":"Tomb of Lord Red Mask","player_choice":"Ignored","floor":39.0,"gold_loss":0.0,"damage_taken":0.0}],"is_beta":false,"boss_relics":[{"not_picked":["SlaversCollar","Runic Dome"],"picked":"Astrolabe"},{"not_picked":["Empty Cage","SacredBark"],"picked":"Calling Bell"}],"items_purged_floors":[3,20],"is_endless":false,"potions_floor_spawned":[6,13,19,21,29,30,35,44,45,54],"killed_by":"The Heart","ascension_level":3}