{"gold_per_floor":[111,129,146,20,36,61,73,73,73,107,126,126,157,169,181,264,276,306,368,380,410,422,434,446,490,502,524,536],"floor_reached":28,"playtime":1464,"items_purged":["Defend_P"],"score":552,"play_id":"5046bad8-38d8-45df-b66f-391dcae72a1e","local_time":"20230828225020","is_ascension_mode":true,"campfire_choices":[{"data":"ForeignInfluence","floor":8.0,"key":"SMITH"},{"floor":12.0,"key":"REST"},{"data":"Fasting2","floor":15.0,"key":"SMITH"},{"floor":23.0,"key":"REST"}],"neow_cost":"NONE","seed_source_timestamp":0,"circlet_count":0,"master_deck":["AscendersBane","Eruption","Vigilance","JustLucky","ForeignInfluence+1","ClearTheMind","Halt","Tantrum+1","Wallop","Adaptation","Fasting2+1","LessonLearned","CutThroughFate","Scrawl+1","EmptyBody","Devotion+1","Adaptation","WreathOfFlame+1","Conclude","MentalFortress","FearNoEvil"],"special_seed":0,"relics":["Sozu","Bronze Scales","Shuriken","MawBank","Pandora\u0027s Box","Thread and Needle","GoldenEye","Bottled Lightning"],"potions_floor_usage":[],"damage_taken":[{"damage":0.0,"enemies":"Jaw Worm","floor":1.0,"turns":4.0},{"damage":0.0,"enemies":"2 Louse","floor":2.0,"turns":2.0},{"damage":0.0,"enemies":"Cultist","floor":3.0,"turns":2.0},{"damage":24.0,"enemies":"Exordium Thugs","floor":5.0,"turns":8.0},{"damage":0.0,"enemies":"Lagavulin","floor":6.0,"turns":4.0},{"damage":6.0,"enemies":"3 Louse","floor":7.0,"turns":3.0},{"damage":15.0,"enemies":"3 Sentries","floor":10.0,"turns":4.0},{"damage":1.0,"enemies":"Red Slaver","floor":11.0,"turns":2.0},{"damage":12.0,"enemies":"Lagavulin","floor":13.0,"turns":3.0},{"damage":8.0,"enemies":"The Guardian","floor":16.0,"turns":9.0},{"damage":21.0,"enemies":"Shell Parasite","floor":18.0,"turns":2.0},{"damage":25.0,"enemies":"Chosen","floor":21.0,"turns":4.0},{"damage":9,"enemies":"Book of Stabbing","floor":25,"turns":4},{"damage":0,"enemies":"Snake Plant","floor":27,"turns":2},{"damage":20,"enemies":"Shelled Parasite and Fungi","floor":28,"turns":2}],"seed_played":"-7346814062830751736","potions_obtained":[],"is_trial":false,"path_per_floor":["M","M","M","$","M","E","M","R","T","E","M","R","E","?","R","B",null,"M","?","?","M","T","R","?","E","T","M","M"],"character_chosen":"WATCHER","items_purchased":["Halt"],"campfire_rested":2,"item_purchase_floors":[4],"current_hp_per_floor":[61,61,61,61,37,37,31,31,31,16,15,35,23,23,23,15,55,34,34,34,9,9,29,29,20,20,20,0],"gold":536,"neow_bonus":"BOSS_RELIC","is_prod":false,"is_daily":false,"chose_seed":false,"campfire_upgraded":2,"win_rate":0,"timestamp":1693288220,"path_taken":["M","M","M","$","M","E","M","R","T","E","M","R","E","?","R","BOSS","M","?","?","?","?","R","?","E","T","M","M"],"build_version":"2022-12-18","purchased_purges":1,"victory":false,"max_hp_per_floor":[68,68,68,68,68,68,68,68,68,68,68,68,68,68,68,68,68,68,68,68,68,68,68,68,68,68,68,68],"card_choices":[{"not_picked":["JustLucky","Crescendo","FlyingSleeves"],"picked":"SKIP","floor":1.0},{"not_picked":["Crescendo","FlyingSleeves"],"picked":"JustLucky","floor":1.0},{"not_picked":["Perseverance","FlyingSleeves"],"picked":"ForeignInfluence","floor":2.0},{"not_picked":["FollowUp","Consecrate"],"picked":"ClearTheMind","floor":3.0},{"not_picked":["Consecrate","JustLucky"],"picked":"Tantrum","floor":5.0},{"not_picked":["Consecrate","CarveReality"],"picked":"Wallop","floor":6.0},{"not_picked":["Perseverance","ClearTheMind","EmptyBody"],"picked":"SKIP","floor":7.0},{"not_picked":["ThirdEye","Ragnarok"],"picked":"Adaptation","floor":10.0},{"not_picked":["EmptyMind","SignatureMove"],"picked":"Fasting2","floor":11.0},{"not_picked":["FlurryOfBlows","Protect"],"picked":"LessonLearned","floor":13.0},{"not_picked":["Omniscience","Judgement"],"picked":"Scrawl","floor":16.0},{"not_picked":["Halt","Conclude","WindmillStrike"],"picked":"SKIP","floor":18.0},{"not_picked":["ClearTheMind","Tantrum","Consecrate"],"picked":"SKIP","floor":21.0},{"not_picked":["Consecrate","Collect"],"picked":"MentalFortress","floor":25},{"not_picked":["EmptyBody","FlyingSleeves"],"picked":"FearNoEvil","floor":27}],"player_experience":876602,"relics_obtained":[{"floor":6.0,"key":"Bronze Scales"},{"floor":10.0,"key":"Shuriken"},{"floor":13.0,"key":"MawBank"},{"floor":22.0,"key":"Thread and Needle"},{"floor":25,"key":"GoldenEye"},{"floor":26,"key":"Bottled Lightning"}],"event_choices":[{"damage_healed":0.0,"max_hp_gain":0.0,"max_hp_loss":0.0,"gold_gain":0.0,"cards_transformed":["Strike_P"],"event_name":"Living Wall","player_choice":"Change","floor":14.0,"gold_loss":0.0,"damage_taken":0.0,"cards_obtained":["CutThroughFate"]},{"damage_healed":0.0,"max_hp_gain":0.0,"max_hp_loss":0.0,"gold_gain":50.0,"event_name":"Nest","player_choice":"Stole From Cult","floor":19.0,"gold_loss":0.0,"damage_taken":0.0},{"cards_removed":["Judgement"],"damage_healed":0.0,"max_hp_gain":0.0,"max_hp_loss":0.0,"gold_gain":0.0,"event_name":"Purifier","player_choice":"Purged","floor":20.0,"gold_loss":0.0,"damage_taken":0.0},{"damage_healed":0.0,"max_hp_gain":0.0,"max_hp_loss":0.0,"gold_gain":0.0,"event_name":"Upgrade Shrine","player_choice":"Upgraded","floor":24.0,"gold_loss":0.0,"damage_taken":0.0,"cards_upgraded":["Scrawl"]}],"is_beta":false,"boss_relics":[{"not_picked":["Black Star","Tiny House"],"picked":"Pandora\u0027s Box"}],"items_purged_floors":[4],"is_endless":false,"potions_floor_spawned":[2,10,11,21],"killed_by":"Shelled Parasite and Fungi","ascension_level":19}