{"gold_per_floor":[112,112,287,237,40,40,66,66,90,55,68,79,96,127,127,225,225,239,164,263,275,288,315,333,333,357,107,120,120,132,145,145,247,247,259,270,286,286,304,329,341,374,374,384,402,402,402,416,416,416],"floor_reached":51,"playtime":2665,"items_purged":["Doubt","Evaluate"],"score":818,"play_id":"387923c5-392c-4336-bb91-fdbacb4c1e38","local_time":"20230919201400","is_ascension_mode":false,"campfire_choices":[{"data":"Eruption","floor":6.0,"key":"SMITH"},{"data":"MentalFortress","floor":8.0,"key":"SMITH"},{"data":"WindmillStrike","floor":15.0,"key":"SMITH"},{"data":"Adaptation","floor":25.0,"key":"SMITH"},{"data":"Scrawl","floor":29.0,"key":"SMITH"},{"data":"TalkToTheHand","floor":32.0,"key":"SMITH"},{"data":"Establishment","floor":49,"key":"SMITH"}],"neow_cost":"NONE","seed_source_timestamp":0,"circlet_count":0,"master_deck":["Eruption+1","Vigilance","TalkToTheHand+1","MentalFortress+1","JustLucky","EmptyFist","WindmillStrike+1","Adaptation+1","Scrawl+1","FollowUp","DeceiveReality","Tantrum","Fasting2","Brilliance","ClearTheMind","Adaptation+1","Establishment+1","WindmillStrike+1","InnerPeace","Worship+1","Parasite"],"special_seed":0,"relics":["PureWater","NeowsBlessing","Akabeko","Orichalcum","PreservedInsect","Bottled Flame","Pandora\u0027s Box","GoldenEye","Tiny Chest","DollysMirror","Cursed Key","Yang","Bronze Scales"],"potions_floor_usage":[48],"damage_taken":[{"damage":0.0,"enemies":"2 Louse","floor":1.0,"turns":1.0},{"damage":0.0,"enemies":"Lagavulin","floor":7.0,"turns":1.0},{"damage":0.0,"enemies":"Jaw Worm","floor":11.0,"turns":1.0},{"damage":0.0,"enemies":"Small Slimes","floor":12.0,"turns":3.0},{"damage":4.0,"enemies":"Blue Slaver","floor":13.0,"turns":2.0},{"damage":12.0,"enemies":"Gremlin Nob","floor":14.0,"turns":3.0},{"damage":23.0,"enemies":"Hexaghost","floor":16.0,"turns":8.0},{"damage":0.0,"enemies":"Shell Parasite","floor":18.0,"turns":3.0},{"damage":0.0,"enemies":"Spheric Guardian","floor":21.0,"turns":3.0},{"damage":6.0,"enemies":"Cultist and Chosen","floor":22.0,"turns":4.0},{"damage":5.0,"enemies":"Book of Stabbing","floor":23.0,"turns":4.0},{"damage":5.0,"enemies":"Snake Plant","floor":24.0,"turns":4.0},{"damage":6.0,"enemies":"Centurion and Healer","floor":28.0,"turns":3.0},{"damage":0.0,"enemies":"3 Cultists","floor":30.0,"turns":3.0},{"damage":0.0,"enemies":"Chosen and Byrds","floor":31.0,"turns":4.0},{"damage":41.0,"enemies":"Champ","floor":33.0,"turns":9.0},{"damage":0.0,"enemies":"Orb Walker","floor":35.0,"turns":2.0},{"damage":0.0,"enemies":"3 Darklings","floor":36.0,"turns":4.0},{"damage":0.0,"enemies":"Maw","floor":37.0,"turns":5.0},{"damage":0.0,"enemies":"Transient","floor":39.0,"turns":5.0},{"damage":0.0,"enemies":"Giant Head","floor":40.0,"turns":6.0},{"damage":0.0,"enemies":"Spire Growth","floor":41.0,"turns":2.0},{"damage":3.0,"enemies":"Reptomancer","floor":42.0,"turns":4.0},{"damage":0.0,"enemies":"3 Darklings","floor":44.0,"turns":3.0},{"damage":0.0,"enemies":"Sphere and 2 Shapes","floor":45.0,"turns":3.0},{"damage":0,"enemies":"Transient","floor":48,"turns":5},{"damage":19,"enemies":"Time Eater","floor":50,"turns":4}],"seed_played":"-5680367430678408641","potions_obtained":[{"floor":1.0,"key":"SpeedPotion"},{"floor":11.0,"key":"SteroidPotion"},{"floor":14.0,"key":"Ambrosia"},{"floor":28.0,"key":"LiquidMemories"},{"floor":35.0,"key":"ColorlessPotion"},{"floor":42.0,"key":"Swift Potion"},{"floor":44.0,"key":"BlessingOfTheForge"},{"floor":45.0,"key":"Weak Potion"}],"is_trial":false,"path_per_floor":["M","?","?","?","$","R","E","R","T","$","M","M","M","E","R","B",null,"M","?","?","M","M","E","M","R","T","$","M","R","M","M","R","B",null,"M","M","M","?","M","E","M","E","T","M","M","T","?","M","R","B",null],"character_chosen":"WATCHER","items_purchased":["MentalFortress","JustLucky","WindmillStrike","DollysMirror"],"campfire_rested":0,"item_purchase_floors":[5,5,10,27],"current_hp_per_floor":[72,65,65,65,65,65,65,65,65,65,65,65,61,49,49,26,72,72,72,72,72,66,61,56,56,56,56,50,50,50,50,50,9,72,72,72,72,72,72,72,72,69,69,69,69,69,68,68,68,49],"gold":416,"neow_bonus":"THREE_ENEMY_KILL","is_prod":false,"is_daily":false,"chose_seed":false,"campfire_upgraded":7,"win_rate":0,"timestamp":1695179640,"path_taken":["M","?","?","?","$","R","E","R","T","?","M","M","M","E","R","BOSS","M","?","?","?","?","E","M","R","T","$","?","R","M","M","R","BOSS","M","M","M","?","M","E","M","E","T","M","?","?","?","M","R","BOSS"],"build_version":"2022-12-18","purchased_purges":2,"victory":true,"max_hp_per_floor":[72,72,72,72,72,72,72,72,72,72,72,72,72,72,72,72,72,72,72,72,72,72,72,72,72,72,72,72,72,72,72,72,72,72,72,72,72,72,72,72,72,72,72,72,72,72,68,68,68,68],"card_choices":[{"not_picked":["Tantrum","Swivel"],"picked":"TalkToTheHand","floor":1.0},{"not_picked":["Halt","ClearTheMind"],"picked":"EmptyFist","floor":7.0},{"not_picked":["SashWhip","WaveOfTheHand"],"picked":"Adaptation","floor":11.0},{"not_picked":["Nirvana","EmptyBody","ThirdEye"],"picked":"SKIP","floor":12.0},{"not_picked":["Nirvana","EmptyFist","CutThroughFate"],"picked":"SKIP","floor":13.0},{"not_picked":["FollowUp","Halt","FlyingSleeves"],"picked":"SKIP","floor":14.0},{"not_picked":["Ragnarok","DeusExMachina"],"picked":"Scrawl","floor":16.0},{"not_picked":["JustLucky","Halt"],"picked":"ClearTheMind","floor":18.0},{"not_picked":["CutThroughFate","BattleHymn+1","ClearTheMind+1"],"picked":"SKIP","floor":21.0},{"not_picked":["CutThroughFate","BattleHymn+1","ClearTheMind+1"],"picked":"SKIP","floor":21.0},{"not_picked":["Conclude","FlyingSleeves+1","SandsOfTime"],"picked":"SKIP","floor":22.0},{"not_picked":["EmptyFist","Collect","CrushJoints"],"picked":"SKIP","floor":23.0},{"not_picked":["Prostrate","Protect+1","SashWhip"],"picked":"SKIP","floor":24.0},{"not_picked":["CrushJoints+1","CarveReality+1","SashWhip"],"picked":"SKIP","floor":28.0},{"not_picked":["EmptyBody","Consecrate","CrushJoints+1"],"picked":"SKIP","floor":30.0},{"not_picked":["ThirdEye","Fasting2+1","CrushJoints+1"],"picked":"SKIP","floor":31.0},{"not_picked":["SpiritShield","Judgement"],"picked":"Establishment","floor":33.0},{"not_picked":["Weave","ReachHeaven+1","EmptyBody"],"picked":"SKIP","floor":35.0},{"not_picked":["Study","JustLucky+1","SashWhip+1"],"picked":"SKIP","floor":36.0},{"not_picked":["JustLucky","BowlingBash","ClearTheMind"],"picked":"SKIP","floor":37.0},{"not_picked":["Nirvana+1","Evaluate","Prostrate+1"],"picked":"SKIP","floor":39.0},{"not_picked":["Protect","JustLucky+1"],"picked":"InnerPeace","floor":40.0},{"not_picked":["ThirdEye+1","Fasting2"],"picked":"Worship+1","floor":41.0},{"not_picked":["Collect","MasterReality","FollowUp+1"],"picked":"SKIP","floor":42.0},{"not_picked":["Collect","MasterReality","FollowUp+1"],"picked":"SKIP","floor":42.0},{"not_picked":["Adaptation","Crescendo","SashWhip+1"],"picked":"SKIP","floor":44.0},{"not_picked":["SashWhip+1","ForeignInfluence+1","SignatureMove"],"picked":"SKIP","floor":45.0},{"not_picked":["ClearTheMind","PathToVictory","Evaluate+1"],"picked":"SKIP","floor":48}],"player_experience":893958,"relics_obtained":[{"floor":7.0,"key":"Orichalcum"},{"floor":9.0,"key":"PreservedInsect"},{"floor":14.0,"key":"Bottled Flame"},{"floor":23.0,"key":"GoldenEye"},{"floor":26.0,"key":"Tiny Chest"},{"floor":40.0,"key":"Yang"},{"floor":42.0,"key":"Bronze Scales"}],"event_choices":[{"damage_healed":0.0,"max_hp_gain":0.0,"max_hp_loss":0.0,"gold_gain":0.0,"event_name":"Scrap Ooze","player_choice":"Success","floor":2.0,"gold_loss":0.0,"damage_taken":7.0,"relics_obtained":["Akabeko"]},{"damage_healed":0.0,"max_hp_gain":0.0,"max_hp_loss":0.0,"gold_gain":175.0,"event_name":"Liars Game","player_choice":"AGREE","floor":3.0,"gold_loss":0.0,"damage_taken":0.0,"cards_obtained":["Doubt"]},{"cards_removed":["Defend_P"],"damage_healed":0.0,"max_hp_gain":0.0,"max_hp_loss":0.0,"gold_gain":0.0,"event_name":"The Cleric","player_choice":"Card Removal","floor":4.0,"gold_loss":50.0,"damage_taken":0.0},{"cards_removed":["EmptyFist"],"damage_healed":0.0,"max_hp_gain":0.0,"max_hp_loss":0.0,"gold_gain":0.0,"event_name":"Beggar","player_choice":"Gave Gold","floor":19.0,"gold_loss":75.0,"damage_taken":0.0},{"damage_healed":0.0,"max_hp_gain":0.0,"max_hp_loss":0.0,"gold_gain":99.0,"event_name":"Nest","player_choice":"Stole From Cult","floor":20.0,"gold_loss":0.0,"damage_taken":0.0},{"damage_healed":0.0,"max_hp_gain":0.0,"max_hp_loss":0.0,"gold_gain":0.0,"event_name":"Duplicator","player_choice":"Copied","floor":38.0,"gold_loss":0.0,"damage_taken":0.0,"cards_obtained":["WindmillStrike"]},{"damage_healed":0,"gold_gain":0,"player_choice":"Max HP","damage_taken":0,"max_hp_gain":0,"max_hp_loss":4,"event_name":"Winding Halls","floor":47,"gold_loss":0}],"is_beta":false,"boss_relics":[{"not_picked":["Calling Bell","Velvet Choker"],"picked":"Pandora\u0027s Box"},{"not_picked":["Astrolabe","HolyWater"],"picked":"Cursed Key"}],"items_purged_floors":[5,27],"is_endless":false,"potions_floor_spawned":[1,11,14,18,28,31,35,37,42,44,45],"ascension_level":0}