{"gold_per_floor":[115,134,134,144,155,189,189,219,287,26,36,51,51,69,69,143,143,162,162,173,184,194,194,219,219,246,257,283,315,315,330,330,330],"floor_reached":33,"playtime":2851,"items_purged":["Strike_P"],"score":702,"play_id":"0efc0842-f65c-42f5-af08-c7d66f4984c9","local_time":"20231010183748","is_ascension_mode":true,"campfire_choices":[{"data":"CrushJoints","floor":7.0,"key":"SMITH"},{"data":"ThirdEye","floor":15.0,"key":"SMITH"},{"floor":23.0,"key":"REST"},{"data":"Vault","floor":25.0,"key":"SMITH"},{"floor":32,"key":"REST"}],"neow_cost":"TEN_PERCENT_HP_LOSS","seed_source_timestamp":0,"circlet_count":0,"master_deck":["AscendersBane","Eruption+1","Vigilance+1","Vengeance","EmptyFist","FlurryOfBlows","WheelKick","CrushJoints+1","ClearTheMind","CutThroughFate","Halt","ThirdEye+1","DeusExMachina","Perseverance","Evaluate","Collect","ThirdEye","InnerPeace","BattleHymn","FlurryOfBlows","Vault+1","Crescendo","CutThroughFate","EmptyBody"],"special_seed":0,"relics":["PureWater","War Paint","Thread and Needle","Question Card","Membership Card","Toy Ornithopter","Pandora\u0027s Box","Bottled Flame","Ancient Tea Set","Red Mask","PreservedInsect"],"potions_floor_usage":[],"damage_taken":[{"damage":0.0,"enemies":"Jaw Worm","floor":1.0,"turns":4.0},{"damage":0.0,"enemies":"Cultist","floor":2.0,"turns":2.0},{"damage":1.0,"enemies":"2 Louse","floor":4.0,"turns":3.0},{"damage":0.0,"enemies":"Exordium Wildlife","floor":5.0,"turns":2.0},{"damage":6.0,"enemies":"Gremlin Nob","floor":6.0,"turns":3.0},{"damage":7.0,"enemies":"3 Sentries","floor":8.0,"turns":4.0},{"damage":0.0,"enemies":"2 Fungi Beasts","floor":11.0,"turns":2.0},{"damage":0.0,"enemies":"Looter","floor":12.0,"turns":2.0},{"damage":0.0,"enemies":"Blue Slaver","floor":14.0,"turns":2.0},{"damage":0.0,"enemies":"Hexaghost","floor":16.0,"turns":7.0},{"damage":0.0,"enemies":"Spheric Guardian","floor":18.0,"turns":3.0},{"damage":0.0,"enemies":"Shell Parasite","floor":20.0,"turns":2.0},{"damage":20.0,"enemies":"Cultist and Chosen","floor":21.0,"turns":5.0},{"damage":21.0,"enemies":"Snecko","floor":22.0,"turns":6.0},{"damage":9.0,"enemies":"Book of Stabbing","floor":24.0,"turns":3.0},{"damage":23.0,"enemies":"Shelled Parasite and Fungi","floor":27.0,"turns":4.0},{"damage":1.0,"enemies":"Masked Bandits","floor":28.0,"turns":5.0},{"damage":5.0,"enemies":"Gremlin Leader","floor":29.0,"turns":4.0},{"damage":7,"enemies":"Snake Plant","floor":31,"turns":4},{"damage":42,"enemies":"Collector","floor":33,"turns":7}],"seed_played":"-675554783150560294","potions_obtained":[{"floor":2.0,"key":"Swift Potion"},{"floor":6.0,"key":"BottledMiracle"},{"floor":8.0,"key":"Swift Potion"},{"floor":12.0,"key":"Energy Potion"},{"floor":14.0,"key":"BottledMiracle"},{"floor":16.0,"key":"PowerPotion"},{"floor":21.0,"key":"ColorlessPotion"},{"floor":24.0,"key":"Regen Potion"}],"is_trial":false,"path_per_floor":["M","M","?","M","M","E","R","E","T","$","M","M","?","M","R","B",null,"M","?","M","M","M","R","E","R","T","M","?","E","?","M","R","B"],"character_chosen":"WATCHER","items_purchased":["Membership Card","CutThroughFate","Halt"],"campfire_rested":2,"item_purchase_floors":[10,10,10],"current_hp_per_floor":[61,61,61,60,60,54,54,47,47,47,47,47,36,36,36,41,57,57,57,62,42,31,49,40,40,40,17,35,30,30,23,41,0],"gold":330,"neow_bonus":"REMOVE_TWO","is_prod":false,"is_daily":false,"chose_seed":false,"campfire_upgraded":3,"win_rate":0,"timestamp":1696988268,"path_taken":["M","M","?","M","M","E","R","E","T","$","M","?","?","M","R","BOSS","M","?","M","M","M","R","E","R","T","M","?","E","?","M","R","BOSS"],"build_version":"2022-12-18","purchased_purges":1,"victory":false,"max_hp_per_floor":[62,62,62,62,62,62,62,62,62,62,62,62,62,62,62,62,62,62,62,62,62,62,62,62,62,62,62,62,62,62,62,62,62],"card_choices":[{"not_picked":["Consecrate","Halt"],"picked":"Vengeance","floor":1.0},{"not_picked":["Protect","FollowUp"],"picked":"EmptyFist","floor":2.0},{"not_picked":["JustLucky","BowlingBash"],"picked":"FlurryOfBlows","floor":4.0},{"not_picked":["Study","Vengeance"],"picked":"WheelKick","floor":5.0},{"not_picked":["MasterReality","EmptyBody"],"picked":"CrushJoints","floor":6.0},{"not_picked":["ForeignInfluence","Protect"],"picked":"ClearTheMind","floor":8.0},{"not_picked":["EmptyFist","CrushJoints","DeceiveReality","SandsOfTime"],"picked":"SKIP","floor":11.0},{"not_picked":["Study","EmptyMind","Indignation"],"picked":"ThirdEye","floor":12.0},{"not_picked":["Study","FollowUp","Consecrate","LikeWater"],"picked":"SKIP","floor":14.0},{"not_picked":["ConjureBlade","Ragnarok","Omniscience"],"picked":"DeusExMachina","floor":16.0},{"not_picked":["SashWhip","CrushJoints","PathToVictory","WaveOfTheHand+1"],"picked":"SKIP","floor":18.0},{"not_picked":["EmptyBody+1","ClearTheMind","FollowUp"],"picked":"BattleHymn","floor":20.0},{"not_picked":["ClearTheMind+1","CrushJoints","DeusExMachina"],"picked":"FlurryOfBlows","floor":21.0},{"not_picked":["Conclude","Consecrate","FlurryOfBlows","Wireheading"],"picked":"SKIP","floor":22.0},{"not_picked":["Nirvana","Collect","BowlingBash+1"],"picked":"Vault","floor":24.0},{"not_picked":["Nirvana","Vengeance","WreathOfFlame"],"picked":"Crescendo","floor":27.0},{"not_picked":["FollowUp","BattleHymn","ClearTheMind"],"picked":"CutThroughFate","floor":28.0},{"not_picked":["Swivel","Halt","FlyingSleeves","Protect"],"picked":"SKIP","floor":29.0},{"not_picked":["LikeWater","PathToVictory","Collect"],"picked":"EmptyBody","floor":31}],"player_experience":917354,"relics_obtained":[{"floor":6.0,"key":"War Paint"},{"floor":8.0,"key":"Thread and Needle"},{"floor":9.0,"key":"Question Card"},{"floor":24.0,"key":"Bottled Flame"},{"floor":26.0,"key":"Ancient Tea Set"},{"floor":28.0,"key":"Red Mask"},{"floor":29.0,"key":"PreservedInsect"}],"event_choices":[{"damage_healed":0.0,"max_hp_gain":0.0,"max_hp_loss":0.0,"gold_gain":0.0,"event_name":"Upgrade Shrine","player_choice":"Upgraded","floor":3.0,"gold_loss":0.0,"damage_taken":0.0,"cards_upgraded":["Eruption"]},{"damage_healed":0.0,"max_hp_gain":0.0,"max_hp_loss":0.0,"gold_gain":0.0,"event_name":"Scrap Ooze","player_choice":"Success","floor":13.0,"gold_loss":0.0,"damage_taken":11.0,"relics_obtained":["Toy Ornithopter"]},{"damage_healed":0.0,"max_hp_gain":0.0,"max_hp_loss":0.0,"gold_gain":0.0,"event_name":"Ghosts","player_choice":"Ignored","floor":19.0,"gold_loss":0.0,"damage_taken":0.0},{"damage_healed":0.0,"max_hp_gain":0.0,"max_hp_loss":0.0,"gold_gain":0.0,"event_name":"Masked Bandits","player_choice":"Fought Bandits","floor":28.0,"gold_loss":0.0,"damage_taken":0.0},{"damage_healed":0.0,"max_hp_gain":0.0,"max_hp_loss":0.0,"gold_gain":0.0,"event_name":"The Mausoleum","player_choice":"Ignored","floor":30.0,"gold_loss":0.0,"damage_taken":0.0}],"is_beta":false,"boss_relics":[{"not_picked":["Tiny House","SacredBark"],"picked":"Pandora\u0027s Box"}],"items_purged_floors":[10],"is_endless":false,"potions_floor_spawned":[2,6,8,12,14,16,21,24],"killed_by":"Collector","ascension_level":20}