{"gold_per_floor":[110,110,120,132,143,143,178,178,203,220,246,258,280,320,332,344],"floor_reached":16,"playtime":1294,"items_purged":[],"score":344,"play_id":"51c9be78-d005-4ec3-a6e2-7038f4f073e7","local_time":"20231001205015","is_ascension_mode":true,"campfire_choices":[{"data":"Eruption","floor":6,"key":"SMITH"},{"data":"Wallop","floor":12,"key":"SMITH"},{"data":"Adaptation","floor":15,"key":"SMITH"}],"neow_cost":"NONE","seed_source_timestamp":2094208063475100,"circlet_count":0,"master_deck":["AscendersBane","Strike_P+1","Strike_P","Strike_P","Strike_P","Defend_P","Defend_P","Defend_P+1","Defend_P","Eruption+1","Vigilance+1","Wallop+1","CutThroughFate+1","JustLucky","WheelKick","EmptyFist","ClearTheMind","Establishment","Adaptation+1"],"relics":["PureWater","PreservedInsect","Nunchaku","War Paint","MawBank","CaptainsWheel"],"potions_floor_usage":[7,16],"damage_taken":[{"damage":0,"enemies":"2 Louse","floor":1,"turns":2},{"damage":1,"enemies":"Cultist","floor":3,"turns":3},{"damage":5,"enemies":"Small Slimes","floor":4,"turns":3},{"damage":1,"enemies":"Blue Slaver","floor":5,"turns":3},{"damage":5,"enemies":"Lagavulin","floor":7,"turns":5},{"damage":3,"enemies":"Lots of Slimes","floor":10,"turns":4},{"damage":0,"enemies":"3 Sentries","floor":11,"turns":3},{"damage":4,"enemies":"Exordium Thugs","floor":13,"turns":4},{"damage":0,"enemies":"Lagavulin","floor":14,"turns":4},{"damage":22,"enemies":"Hexaghost","floor":16,"turns":9}],"seed_played":"-4142156766244219372","potions_obtained":[{"floor":1,"key":"Ambrosia"},{"floor":5,"key":"GamblersBrew"},{"floor":7,"key":"FearPotion"}],"is_trial":false,"path_per_floor":["M","?","M","M","M","R","E","?","T","M","E","R","M","E","R","B"],"character_chosen":"WATCHER","items_purchased":[],"campfire_rested":0,"item_purchase_floors":[],"current_hp_per_floor":[61,61,60,55,54,54,49,29,29,26,26,26,22,22,22,0],"gold":344,"neow_bonus":"THREE_CARDS","is_prod":false,"is_daily":false,"chose_seed":false,"campfire_upgraded":3,"win_rate":0,"timestamp":1696218615,"path_taken":["M","?","?","M","M","R","E","?","T","M","E","R","M","E","R","BOSS"],"build_version":"2022-12-18","purchased_purges":0,"victory":false,"max_hp_per_floor":[68,68,68,68,68,68,68,68,68,68,68,68,68,68,68,68],"card_choices":[{"not_picked":["BowlingBash","EmptyMind"],"picked":"Wallop","floor":0},{"not_picked":["Nirvana","ThirdEye"],"picked":"EmptyMind","floor":1},{"not_picked":["Indignation","ThirdEye"],"picked":"CutThroughFate","floor":3},{"not_picked":["ClearTheMind","FollowUp"],"picked":"JustLucky","floor":4},{"not_picked":["Meditate","Consecrate"],"picked":"WheelKick","floor":5},{"not_picked":["Sanctity","EmptyBody"],"picked":"EmptyFist","floor":7},{"not_picked":["EmptyBody","JustLucky"],"picked":"ClearTheMind","floor":10},{"not_picked":["SignatureMove","Swivel","Consecrate"],"picked":"SKIP","floor":11},{"not_picked":["SignatureMove","Swivel","Consecrate"],"picked":"SKIP","floor":11},{"not_picked":["SashWhip","Consecrate"],"picked":"Establishment","floor":13},{"not_picked":["Protect","SignatureMove"],"picked":"Adaptation","floor":14}],"player_experience":912720,"relics_obtained":[{"floor":7,"key":"Nunchaku"},{"floor":9,"key":"War Paint"},{"floor":11,"key":"MawBank"},{"floor":14,"key":"CaptainsWheel"}],"event_choices":[{"cards_removed":["EmptyMind"],"damage_healed":0,"gold_gain":0,"player_choice":"Gave Card","damage_taken":0,"relics_obtained":["PreservedInsect"],"max_hp_gain":0,"max_hp_loss":0,"event_name":"WeMeetAgain","floor":2,"gold_loss":0},{"damage_healed":0,"gold_gain":0,"player_choice":"Entered Light","damage_taken":20,"max_hp_gain":0,"max_hp_loss":0,"event_name":"Shining Light","floor":8,"gold_loss":0,"cards_upgraded":["CutThroughFate","Strike_P"]}],"is_beta":false,"boss_relics":[],"items_purged_floors":[],"is_endless":false,"potions_floor_spawned":[1,5,7,13],"killed_by":"Hexaghost","ascension_level":20}