{"gold_per_floor":[118,138,63,83,93,93,122,122,122,133,133,150,182,199,199,270,270,314,354,366,366,378,417,427,427,473,473],"floor_reached":27,"playtime":1837,"items_purged":[],"score":598,"play_id":"eb99d39c-a87d-4289-ba31-d99319436909","local_time":"20231015180241","is_ascension_mode":true,"campfire_choices":[{"data":"SashWhip","floor":6.0,"key":"SMITH"},{"data":"CrushJoints","floor":15.0,"key":"SMITH"},{"floor":25.0,"key":"REST"}],"neow_cost":"NONE","seed_source_timestamp":0,"circlet_count":0,"master_deck":["AscendersBane","Strike_P","Strike_P","Strike_P","Defend_P","Defend_P","Defend_P","Eruption+1","Vigilance","EmptyFist","CutThroughFate","Evaluate","SashWhip+1","InnerPeace","CrushJoints+1","Tantrum","Wish","JustLucky","Adaptation","FlurryOfBlows+1","Halt","Omniscience"],"special_seed":0,"relics":["PureWater","Ornamental Fan","Blood Vial","Sundial","Eternal Feather","SacredBark","The Courier","CeramicFish","MealTicket"],"potions_floor_usage":[27],"damage_taken":[{"damage":0.0,"enemies":"Small Slimes","floor":1.0,"turns":1.0},{"damage":1.0,"enemies":"2 Louse","floor":2.0,"turns":3.0},{"damage":0.0,"enemies":"Cultist","floor":4.0,"turns":2.0},{"damage":0.0,"enemies":"2 Fungi Beasts","floor":5.0,"turns":3.0},{"damage":10.0,"enemies":"Gremlin Nob","floor":7.0,"turns":3.0},{"damage":1.0,"enemies":"Exordium Wildlife","floor":10.0,"turns":4.0},{"damage":0.0,"enemies":"Lots of Slimes","floor":12.0,"turns":3.0},{"damage":11.0,"enemies":"Lagavulin","floor":13.0,"turns":4.0},{"damage":0.0,"enemies":"Large Slime","floor":14.0,"turns":1.0},{"damage":0.0,"enemies":"Slime Boss","floor":16.0,"turns":5.0},{"damage":7.0,"enemies":"2 Thieves","floor":18.0,"turns":4.0},{"damage":16.0,"enemies":"3 Byrds","floor":19.0,"turns":5.0},{"damage":20.0,"enemies":"Snecko","floor":20.0,"turns":4.0},{"damage":4.0,"enemies":"3 Cultists","floor":22.0,"turns":4.0},{"damage":11.0,"enemies":"Slavers","floor":23.0,"turns":6.0},{"damage":9.0,"enemies":"Shelled Parasite and Fungi","floor":24.0,"turns":4.0},{"damage":56,"enemies":"Book of Stabbing","floor":27,"turns":5}],"seed_played":"-5661275986733121599","potions_obtained":[{"floor":4.0,"key":"Dexterity Potion"},{"floor":7.0,"key":"DuplicationPotion"},{"floor":13.0,"key":"SmokeBomb"},{"floor":16.0,"key":"SneckoOil"},{"floor":22.0,"key":"Energy Potion"},{"floor":23.0,"key":"BottledMiracle"}],"is_trial":false,"path_per_floor":["M","M","?","M","M","R","E","?","T","M","?","M","E","M","R","B",null,"M","M","M","T","M","E","M","R","T","E"],"character_chosen":"WATCHER","items_purchased":[],"campfire_rested":1,"item_purchase_floors":[],"current_hp_per_floor":[61,60,60,60,60,60,50,45,45,46,46,48,39,41,50,52,64,59,45,27,27,25,16,9,41,41,0],"gold":473,"neow_bonus":"UPGRADE_CARD","is_prod":false,"is_daily":false,"chose_seed":false,"campfire_upgraded":2,"win_rate":0,"timestamp":1697418161,"path_taken":["M","M","?","M","M","R","E","?","T","M","?","M","E","M","R","BOSS","M","M","M","?","M","E","M","R","T","E"],"build_version":"2022-12-18","purchased_purges":0,"victory":false,"max_hp_per_floor":[68,68,68,68,68,68,68,68,68,68,68,68,68,68,68,68,68,68,68,68,68,68,68,68,68,68,68],"card_choices":[{"not_picked":["EmptyBody","Protect"],"picked":"EmptyFist","floor":1.0},{"not_picked":["ReachHeaven","FollowUp"],"picked":"CutThroughFate","floor":2.0},{"not_picked":["Weave","ReachHeaven"],"picked":"Evaluate","floor":4.0},{"not_picked":["PathToVictory","Protect"],"picked":"SashWhip","floor":5.0},{"not_picked":["EmptyBody","Evaluate"],"picked":"InnerPeace","floor":7.0},{"not_picked":["Sanctity","Devotion","ThirdEye"],"picked":"SKIP","floor":10.0},{"not_picked":["Sanctity","Devotion","ThirdEye"],"picked":"SKIP","floor":10.0},{"not_picked":["Evaluate","FlyingSleeves"],"picked":"CrushJoints","floor":12.0},{"not_picked":["DeusExMachina","MasterReality","Protect"],"picked":"SKIP","floor":13.0},{"not_picked":["Crescendo","Halt"],"picked":"Tantrum","floor":14.0},{"not_picked":["Brilliance","DevaForm"],"picked":"Wish","floor":16.0},{"not_picked":["PathToVictory","Indignation"],"picked":"JustLucky","floor":18.0},{"not_picked":["BattleHymn","Halt"],"picked":"Adaptation","floor":19.0},{"not_picked":["SashWhip","Nirvana"],"picked":"FlurryOfBlows+1","floor":20.0},{"not_picked":["Pray+1","SashWhip"],"picked":"Halt","floor":22.0},{"not_picked":["FollowUp","SandsOfTime+1"],"picked":"Omniscience","floor":23.0},{"not_picked":["BowlingBash","FollowUp+1","Fasting2"],"picked":"SKIP","floor":24.0}],"player_experience":923397,"relics_obtained":[{"floor":7.0,"key":"Ornamental Fan"},{"floor":9.0,"key":"Sundial"},{"floor":13.0,"key":"Eternal Feather"},{"floor":21.0,"key":"The Courier"},{"floor":23.0,"key":"CeramicFish"},{"floor":26.0,"key":"MealTicket"}],"event_choices":[{"cards_removed":["Defend_P"],"damage_healed":0.0,"max_hp_gain":0.0,"max_hp_loss":0.0,"gold_gain":0.0,"event_name":"The Cleric","player_choice":"Card Removal","floor":3.0,"gold_loss":75.0,"damage_taken":0.0},{"damage_healed":0.0,"max_hp_gain":0.0,"max_hp_loss":0.0,"gold_gain":0.0,"event_name":"Scrap Ooze","player_choice":"Success","floor":8.0,"gold_loss":0.0,"damage_taken":5.0,"relics_obtained":["Blood Vial"]},{"cards_removed":["Strike_P"],"damage_healed":0.0,"max_hp_gain":0.0,"max_hp_loss":0.0,"gold_gain":0.0,"event_name":"Bonfire Elementals","player_choice":"Offered Basic","floor":11.0,"gold_loss":0.0,"damage_taken":0.0}],"is_beta":false,"boss_relics":[{"not_picked":["Snecko Eye","Velvet Choker"],"picked":"SacredBark"}],"items_purged_floors":[],"is_endless":false,"potions_floor_spawned":[4,7,13,16,22,23],"killed_by":"Book of Stabbing","ascension_level":20}