{"gold_per_floor":[138,190,229,288,62,62,136,136,183,228,228,300,300,274,274,411,411,450,525,149,162,181,181,181,181,181,255,315,315,342,267,267,368,368,463,480,480,279,279,314,352,430,457,548,548,582,622,657,657,682],"floor_reached":51,"playtime":3361,"items_purged":["Strike_P","Defend_P","ReachHeaven+1"],"score":1089,"play_id":"5873b32f-5a0c-4c37-b5b5-66159926d8dc","local_time":"20231017215907","is_ascension_mode":true,"campfire_choices":[{"data":"Eruption","floor":6.0,"key":"SMITH"},{"floor":8.0,"key":"REST"},{"data":"1","floor":13.0,"key":"LIFT"},{"data":"Acrobatics","floor":15.0,"key":"SMITH"},{"data":"HandOfGreed","floor":23.0,"key":"SMITH"},{"data":"2","floor":25.0,"key":"LIFT"},{"data":"3","floor":29.0,"key":"LIFT"},{"data":"Madness","floor":32.0,"key":"SMITH"},{"data":"Warcry","floor":45.0,"key":"SMITH"},{"floor":49.0,"key":"REST"}],"neow_cost":"PERCENT_DAMAGE","seed_source_timestamp":0,"circlet_count":0,"master_deck":["Eruption+1","Vigilance","HandOfGreed+1","Flex","Crescendo","Madness+1","FearNoEvil","Acrobatics+1","FollowUp","Blind+1","Backstab+1","Warcry+1","Outmaneuver","Berserk","Terror+1","TalkToTheHand+1","CutThroughFate+1","Ragnarok+1","Blasphemy","PiercingWail","Wraith Form v2+1","Prostrate","Wish+1","Headbutt+1","Hologram+1","Steam+1","Well Laid Plans+1","Calculated Gamble+1","Warcry+1","Wallop+1","Prostrate+1"],"special_seed":0,"relics":["PureWater","PrismaticShard","Orrery","Molten Egg 2","Pen Nib","Smiling Mask","Girya","Eternal Feather","VioletLotus","Strange Spoon","Dream Catcher","Shuriken","Tiny Chest","Akabeko","Pandora\u0027s Box","Nunchaku","Toxic Egg 2","Bird Faced Urn","Thread and Needle","Bag of Marbles","War Paint"],"potions_floor_usage":[50,50],"damage_taken":[{"damage":0.0,"enemies":"Small Slimes","floor":1.0,"turns":5.0},{"damage":4.0,"enemies":"2 Louse","floor":2.0,"turns":3.0},{"damage":1.0,"enemies":"Cultist","floor":3.0,"turns":4.0},{"damage":16.0,"enemies":"Exordium Thugs","floor":4.0,"turns":7.0},{"damage":17.0,"enemies":"3 Sentries","floor":7.0,"turns":4.0},{"damage":0.0,"enemies":"Gremlin Nob","floor":10.0,"turns":2.0},{"damage":10.0,"enemies":"3 Sentries","floor":12.0,"turns":6.0},{"damage":1.0,"enemies":"Slime Boss","floor":16.0,"turns":9.0},{"damage":7.0,"enemies":"Chosen","floor":18.0,"turns":3.0},{"damage":0.0,"enemies":"Spheric Guardian","floor":21.0,"turns":2.0},{"damage":12.0,"enemies":"Shelled Parasite and Fungi","floor":22.0,"turns":4.0},{"damage":18.0,"enemies":"Gremlin Leader","floor":28.0,"turns":3.0},{"damage":3.0,"enemies":"Slavers","floor":30.0,"turns":2.0},{"damage":6.0,"enemies":"Champ","floor":33.0,"turns":4.0},{"damage":24.0,"enemies":"3 Shapes","floor":35.0,"turns":7.0},{"damage":11.0,"enemies":"Orb Walker","floor":36.0,"turns":4.0},{"damage":0.0,"enemies":"Nemesis","floor":40.0,"turns":3.0},{"damage":13.0,"enemies":"Spire Growth","floor":41.0,"turns":2.0},{"damage":0.0,"enemies":"Reptomancer","floor":42.0,"turns":5.0},{"damage":0.0,"enemies":"4 Shapes","floor":44.0,"turns":4.0},{"damage":0.0,"enemies":"Nemesis","floor":46.0,"turns":3.0},{"damage":16.0,"enemies":"Transient","floor":47.0,"turns":5.0},{"damage":8.0,"enemies":"Jaw Worm Horde","floor":48.0,"turns":4.0},{"damage":10,"enemies":"Awakened One","floor":50,"turns":10}],"seed_played":"-4589075925023094631","potions_obtained":[{"floor":1.0,"key":"Dexterity Potion"},{"floor":2.0,"key":"Ancient Potion"},{"floor":7.0,"key":"EssenceOfSteel"},{"floor":22.0,"key":"StancePotion"},{"floor":28.0,"key":"SneckoOil"},{"floor":33.0,"key":"SpeedPotion"},{"floor":36.0,"key":"ColorlessPotion"},{"floor":48.0,"key":"Swift Potion"}],"is_trial":false,"path_per_floor":["M","M","M","M","$","R","E","R","T","E","?","E","R","?","R","B",null,"M","?","$","M","M","R","?","R","T","T","E","R","E","?","R","B",null,"M","M","?","$","T","E","M","E","T","M","R","E","M","M","R","B",null],"character_chosen":"WATCHER","items_purchased":["Orrery","TalkToTheHand+1","CutThroughFate+1","Strange Spoon","Swift Potion","Nunchaku"],"campfire_rested":2,"item_purchase_floors":[5,20,20,20,20,38],"current_hp_per_floor":[51,47,46,30,30,30,13,34,34,34,31,21,33,33,45,44,72,65,58,58,58,46,58,58,70,70,70,52,64,61,61,72,66,72,48,37,37,37,37,37,24,30,30,30,45,47,33,27,66,62],"gold":682,"neow_bonus":"RANDOM_COLORLESS_2","is_prod":false,"is_daily":false,"chose_seed":false,"campfire_upgraded":5,"win_rate":0,"timestamp":1697605147,"path_taken":["M","M","M","M","$","R","E","R","T","E","?","E","R","?","R","BOSS","M","?","$","M","M","R","?","R","T","?","E","R","E","?","R","BOSS","M","M","?","$","?","E","M","E","T","M","R","E","M","M","R","BOSS"],"build_version":"2022-12-18","purchased_purges":3,"victory":true,"max_hp_per_floor":[72,72,72,72,72,72,72,72,72,72,72,72,72,72,72,72,72,72,72,72,72,72,72,72,72,72,72,72,72,72,72,72,72,72,72,72,72,72,72,72,72,72,72,72,72,72,72,72,72,72],"card_choices":[{"not_picked":["Secret Weapon","Transmutation"],"picked":"HandOfGreed","floor":0.0},{"not_picked":["Metallicize","Dark Embrace"],"picked":"Flex","floor":1.0},{"not_picked":["PathToVictory","SignatureMove"],"picked":"Crescendo","floor":2.0},{"not_picked":["Iron Wave","Good Instincts","Purity"],"picked":"SKIP","floor":3.0},{"not_picked":["Bane","Reprogram"],"picked":"Madness","floor":4.0},{"not_picked":["Sweeping Beam","Grand Finale"],"picked":"FearNoEvil","floor":5.0},{"not_picked":["FlurryOfBlows","Disarm"],"picked":"Acrobatics","floor":5.0},{"not_picked":["Jack Of All Trades","Tempest"],"picked":"FollowUp","floor":5.0},{"not_picked":["Unload","Ghostly Armor"],"picked":"Blind","floor":5.0},{"not_picked":["Havoc","Dark Embrace"],"picked":"Backstab+1","floor":7.0},{"not_picked":["Blind","Establishment"],"picked":"Warcry","floor":10.0},{"not_picked":["Heavy Blade+1","Sucker Punch+1"],"picked":"Outmaneuver","floor":12.0},{"not_picked":["Wish","Juggernaut"],"picked":"Berserk","floor":16.0},{"not_picked":["Havoc","FlurryOfBlows+1"],"picked":"Terror+1","floor":18.0},{"not_picked":["SashWhip+1","BattleHymn","Havoc+1"],"picked":"SKIP","floor":21.0},{"not_picked":["SashWhip+1","BattleHymn","Havoc+1"],"picked":"SKIP","floor":21.0},{"not_picked":["Flex","Coolheaded","Doom and Gloom+1"],"picked":"SKIP","floor":22.0},{"not_picked":["Bane+1","DeusExMachina","Armaments"],"picked":"SKIP","floor":28.0},{"not_picked":["Deflect","Doppelganger"],"picked":"PiercingWail","floor":30.0},{"not_picked":["Vault","Bludgeon+1"],"picked":"Wraith Form v2","floor":33.0},{"not_picked":["Outmaneuver+1","Warcry"],"picked":"Headbutt+1","floor":35.0},{"not_picked":["Prostrate","WreathOfFlame+1"],"picked":"Hologram+1","floor":36.0},{"not_picked":["Scrape+1","Sweeping Beam+1"],"picked":"Steam+1","floor":40.0},{"not_picked":["Riddle With Holes+1","Compile Driver+1"],"picked":"Well Laid Plans+1","floor":41.0},{"not_picked":["Devotion","Sword Boomerang+1"],"picked":"Calculated Gamble+1","floor":42.0},{"not_picked":["Deflect+1","Stack+1","Warcry+1"],"picked":"SKIP","floor":44.0},{"not_picked":["Deflect+1","Stack+1"],"picked":"Warcry+1","floor":44.0},{"not_picked":["DeceiveReality+1","Shockwave+1","Caltrops+1"],"picked":"SKIP","floor":46.0},{"not_picked":["BowlingBash+1","Conclude+1","Slice+1"],"picked":"SKIP","floor":47.0},{"not_picked":["Redo+1","Clash+1"],"picked":"Wallop+1","floor":48.0},{"not_picked":["Havoc+1","Cleave+1"],"picked":"Prostrate+1","floor":49.0}],"player_experience":929539,"relics_obtained":[{"floor":7.0,"key":"Molten Egg 2"},{"floor":9.0,"key":"Pen Nib"},{"floor":10.0,"key":"Smiling Mask"},{"floor":12.0,"key":"Eternal Feather"},{"floor":26.0,"key":"Dream Catcher"},{"floor":27.0,"key":"Shuriken"},{"floor":28.0,"key":"Tiny Chest"},{"floor":30.0,"key":"Akabeko"},{"floor":39.0,"key":"Toxic Egg 2"},{"floor":40.0,"key":"Bird Faced Urn"},{"floor":42.0,"key":"Thread and Needle"},{"floor":43.0,"key":"Bag of Marbles"},{"floor":46.0,"key":"War Paint"}],"event_choices":[{"damage_healed":0.0,"max_hp_gain":0.0,"max_hp_loss":0.0,"gold_gain":0.0,"event_name":"Scrap Ooze","player_choice":"Success","floor":11.0,"gold_loss":0.0,"damage_taken":3.0,"relics_obtained":["Girya"]},{"damage_healed":0.0,"max_hp_gain":0.0,"max_hp_loss":0.0,"gold_gain":0.0,"event_name":"World of Goop","player_choice":"Left Gold","floor":14.0,"gold_loss":26.0,"damage_taken":0.0},{"damage_healed":0.0,"max_hp_gain":0.0,"max_hp_loss":0.0,"gold_gain":75.0,"event_name":"FaceTrader","player_choice":"Touch","floor":19.0,"gold_loss":0.0,"damage_taken":7.0},{"damage_healed":0.0,"max_hp_gain":0.0,"max_hp_loss":0.0,"gold_gain":0.0,"cards_transformed":["Strike_P","Defend_P"],"event_name":"Drug Dealer","player_choice":"Became Test Subject","floor":24.0,"gold_loss":0.0,"damage_taken":0.0,"cards_obtained":["Ragnarok","Blasphemy"]},{"cards_removed":["Strike_P"],"damage_healed":0.0,"max_hp_gain":0.0,"max_hp_loss":0.0,"gold_gain":0.0,"event_name":"Beggar","player_choice":"Gave Gold","floor":31.0,"gold_loss":75.0,"damage_taken":0.0},{"damage_healed":0.0,"max_hp_gain":0.0,"max_hp_loss":0.0,"gold_gain":0.0,"event_name":"Upgrade Shrine","player_choice":"Upgraded","floor":37.0,"gold_loss":0.0,"damage_taken":0.0,"cards_upgraded":["Wraith Form v2"]}],"is_beta":false,"boss_relics":[{"not_picked":["Coffee Dripper","Fusion Hammer"],"picked":"VioletLotus"},{"not_picked":["Cursed Key","Sozu"],"picked":"Pandora\u0027s Box"}],"items_purged_floors":[5,20,38],"is_endless":false,"potions_floor_spawned":[1,2,7,22,28,33,36,40,41,46,48],"ascension_level":4}