{"gold_per_floor":[115,58,58,58,5,31,31,50,73,105,124,124,144,144,144,221,221,262,187,197,215,18,18,77,77,128,152,187,196,207,270,270,358,358,414,471,471,514,16,89,89,162,162,264,264,328,375,391,391,391,391],"floor_reached":51,"playtime":6668,"items_purged":["Writhe"],"score":1806,"play_id":"2297d6c2-ff4d-41ae-9bf8-d3bec788437b","local_time":"20231107004451","is_ascension_mode":true,"campfire_choices":[{"data":"Prostrate","floor":12.0,"key":"SMITH"},{"floor":15.0,"key":"REST"},{"data":"Apotheosis","floor":23.0,"key":"SMITH"},{"data":"Study","floor":25.0,"key":"SMITH"},{"floor":32.0,"key":"REST"},{"data":"Judgement","floor":41.0,"key":"PURGE"},{"floor":45.0,"key":"REST"},{"floor":49.0,"key":"REST"}],"neow_cost":"NONE","seed_source_timestamp":0,"circlet_count":0,"master_deck":["AscendersBane","Eruption+1","Vigilance","Pray+1","Prostrate+1","Prostrate","EmptyMind","Study+1","FlurryOfBlows","WheelKick","Consecrate","SashWhip","EmptyBody","Wish","ThirdEye","BattleHymn+1","Protect","Apotheosis+1","Vault","Establishment","Meditate","InnerPeace","ThirdEye","Secret Technique","Omniscience","Wallop+1"],"special_seed":0,"relics":["PureWater","NeowsBlessing","PreservedInsect","Tiny Chest","MealTicket","FaceOfCleric","Pandora\u0027s Box","Peace Pipe","Nunchaku","CeramicFish","Ginger","Du-Vu Doll","Bottled Tornado","Fusion Hammer","Lee\u0027s Waffle","Meat on the Bone","Molten Egg 2","White Beast Statue","StrikeDummy"],"potions_floor_usage":[50,50],"damage_taken":[{"damage":0.0,"enemies":"Jaw Worm","floor":1.0,"turns":1.0},{"damage":0.0,"enemies":"Gremlin Nob","floor":6.0,"turns":1.0},{"damage":0.0,"enemies":"Small Slimes","floor":8.0,"turns":1.0},{"damage":11.0,"enemies":"3 Sentries","floor":10.0,"turns":6.0},{"damage":0.0,"enemies":"2 Louse","floor":11.0,"turns":2.0},{"damage":7.0,"enemies":"Exordium Thugs","floor":13.0,"turns":5.0},{"damage":4.0,"enemies":"The Guardian","floor":16.0,"turns":7.0},{"damage":2.0,"enemies":"3 Byrds","floor":18.0,"turns":4.0},{"damage":0.0,"enemies":"Spheric Guardian","floor":20.0,"turns":1.0},{"damage":25.0,"enemies":"Snake Plant","floor":21.0,"turns":5.0},{"damage":4.0,"enemies":"Gremlin Leader","floor":24.0,"turns":5.0},{"damage":20.0,"enemies":"Book of Stabbing","floor":28.0,"turns":4.0},{"damage":20.0,"enemies":"Cultist and Chosen","floor":30.0,"turns":6.0},{"damage":0.0,"enemies":"Gremlin Leader","floor":31.0,"turns":5.0},{"damage":0.0,"enemies":"Automaton","floor":33.0,"turns":7.0},{"damage":18.0,"enemies":"3 Darklings","floor":35.0,"turns":3.0},{"damage":18.0,"enemies":"3 Shapes","floor":36.0,"turns":5.0},{"damage":30.0,"enemies":"Transient","floor":38.0,"turns":7.0},{"damage":1.0,"enemies":"Reptomancer","floor":40.0,"turns":5.0},{"damage":10.0,"enemies":"4 Shapes","floor":42.0,"turns":8.0},{"damage":21.0,"enemies":"Nemesis","floor":44.0,"turns":4.0},{"damage":14.0,"enemies":"Giant Head","floor":46.0,"turns":6.0},{"damage":3.0,"enemies":"Writhing Mass","floor":47.0,"turns":5.0},{"damage":24.0,"enemies":"Transient","floor":48.0,"turns":6.0},{"damage":10,"enemies":"Donu and Deca","floor":50,"turns":6},{"damage":81,"enemies":"Time Eater","floor":51,"turns":10}],"seed_played":"-482121239988872495","potions_obtained":[{"floor":1.0,"key":"Ancient Potion"},{"floor":8.0,"key":"LiquidBronze"},{"floor":11.0,"key":"SpeedPotion"},{"floor":21.0,"key":"Explosive Potion"},{"floor":30.0,"key":"AttackPotion"},{"floor":31.0,"key":"BottledMiracle"},{"floor":33.0,"key":"BottledMiracle"},{"floor":36.0,"key":"ColorlessPotion"},{"floor":42.0,"key":"LiquidBronze"},{"floor":44.0,"key":"FearPotion"},{"floor":47.0,"key":"Strength Potion"},{"floor":48.0,"key":"SneckoOil"}],"is_trial":false,"path_per_floor":["M","$","?","?","$","E","?","M","T","E","M","R","M","?","R","B",null,"M","?","M","M","$","R","E","R","T","T","E","?","M","E","R","B",null,"M","M","?","M","$","E","R","M","T","E","R","E","M","M","R","B","B"],"character_chosen":"WATCHER","items_purchased":["Prostrate","Prostrate","Apotheosis","Lee\u0027s Waffle","ThirdEye","Secret Technique"],"campfire_rested":4,"item_purchase_floors":[2,5,22,39,39,39],"current_hp_per_floor":[61,61,41,41,41,41,41,41,41,30,30,30,23,23,43,40,62,61,61,62,38,53,53,50,50,50,50,31,31,12,13,35,36,67,50,33,33,4,87,87,87,78,78,58,85,72,70,59,86,77,0],"gold":391,"neow_bonus":"THREE_ENEMY_KILL","is_prod":false,"is_daily":false,"chose_seed":false,"campfire_upgraded":3,"win_rate":0,"timestamp":1699346691,"path_taken":["M","$","?","?","$","E","?","?","T","E","M","R","M","?","R","BOSS","M","?","M","M","?","R","E","R","T","?","E","?","M","E","R","BOSS","M","M","?","M","$","E","R","M","T","E","R","E","?","M","R","BOSS","BOSS"],"build_version":"2022-12-18","purchased_purges":1,"victory":false,"max_hp_per_floor":[68,68,68,68,68,68,68,68,68,68,68,68,68,68,68,69,69,70,70,71,72,72,72,73,73,73,73,74,74,75,76,76,77,77,78,79,79,80,87,88,88,89,89,90,90,91,92,93,93,94,94],"card_choices":[{"not_picked":["SignatureMove","Prostrate"],"picked":"Pray","floor":1.0},{"not_picked":["InnerPeace","PathToVictory"],"picked":"EmptyMind","floor":6.0},{"not_picked":["Sanctity","SignatureMove"],"picked":"FlurryOfBlows","floor":8.0},{"not_picked":["Study","Crescendo","FlurryOfBlows"],"picked":"SKIP","floor":10.0},{"not_picked":["SignatureMove","ThirdEye"],"picked":"WheelKick","floor":11.0},{"not_picked":["Evaluate","SashWhip","Protect"],"picked":"SKIP","floor":13.0},{"not_picked":["Evaluate","SashWhip","Protect"],"picked":"SKIP","floor":13.0},{"not_picked":["FollowUp","Crescendo","WindmillStrike"],"picked":"SKIP","floor":18.0},{"not_picked":["Pray","Protect"],"picked":"BattleHymn+1","floor":20.0},{"not_picked":["WheelKick","Consecrate"],"picked":"Protect","floor":21.0},{"not_picked":["DeceiveReality","FlyingSleeves","Consecrate"],"picked":"SKIP","floor":24.0},{"not_picked":["DeceiveReality","FlyingSleeves","Consecrate"],"picked":"SKIP","floor":24.0},{"not_picked":["DeceiveReality","FlyingSleeves","Consecrate"],"picked":"SKIP","floor":24.0},{"not_picked":["Consecrate","Evaluate"],"picked":"Vault","floor":28.0},{"not_picked":["SandsOfTime","CrushJoints","Halt"],"picked":"SKIP","floor":30.0},{"not_picked":["Consecrate","PathToVictory+1","Halt"],"picked":"SKIP","floor":31.0},{"not_picked":["Blasphemy","Brilliance"],"picked":"Establishment","floor":33.0},{"not_picked":["PathToVictory","EmptyBody"],"picked":"Meditate","floor":35.0},{"not_picked":["WaveOfTheHand","FlyingSleeves+1"],"picked":"InnerPeace","floor":36.0},{"not_picked":["FollowUp+1","JustLucky","Fasting2"],"picked":"SKIP","floor":38.0},{"not_picked":["WaveOfTheHand","ClearTheMind+1"],"picked":"Omniscience","floor":40.0},{"not_picked":["Protect","EmptyFist","CutThroughFate"],"picked":"SKIP","floor":42.0},{"not_picked":["FlurryOfBlows+1","FlyingSleeves+1"],"picked":"Wallop+1","floor":44.0},{"not_picked":["BattleHymn","JustLucky+1","PathToVictory"],"picked":"SKIP","floor":46.0},{"not_picked":["ForeignInfluence","FlyingSleeves+1","WaveOfTheHand"],"picked":"SKIP","floor":47.0},{"not_picked":["ThirdEye+1","Perseverance","JustLucky+1"],"picked":"SKIP","floor":48.0},{"not_picked":["ThirdEye+1","Perseverance","JustLucky+1"],"picked":"SKIP","floor":48.0}],"player_experience":946651,"relics_obtained":[{"floor":6.0,"key":"PreservedInsect"},{"floor":9.0,"key":"Tiny Chest"},{"floor":10.0,"key":"MealTicket"},{"floor":24.0,"key":"Peace Pipe"},{"floor":26.0,"key":"Nunchaku"},{"floor":27.0,"key":"CeramicFish"},{"floor":28.0,"key":"Ginger"},{"floor":31.0,"key":"Bottled Tornado"},{"floor":40.0,"key":"Meat on the Bone"},{"floor":43.0,"key":"Molten Egg 2"},{"floor":44.0,"key":"White Beast Statue"},{"floor":46.0,"key":"StrikeDummy"}],"event_choices":[{"damage_healed":0.0,"max_hp_gain":0.0,"max_hp_loss":0.0,"gold_gain":0.0,"event_name":"Shining Light","player_choice":"Entered Light","floor":3.0,"gold_loss":0.0,"damage_taken":20.0,"cards_upgraded":["Pray","Eruption"]},{"damage_healed":0.0,"max_hp_gain":0.0,"max_hp_loss":0.0,"gold_gain":0.0,"event_name":"The Cleric","player_choice":"Leave","floor":4.0,"gold_loss":0.0,"damage_taken":0.0},{"damage_healed":0.0,"max_hp_gain":0.0,"max_hp_loss":0.0,"gold_gain":0.0,"cards_transformed":["Defend_P"],"event_name":"Transmorgrifier","player_choice":"Transformed","floor":7.0,"gold_loss":0.0,"damage_taken":0.0,"cards_obtained":["Study"]},{"damage_healed":0.0,"max_hp_gain":0.0,"max_hp_loss":0.0,"gold_gain":0.0,"event_name":"FaceTrader","player_choice":"Trade","floor":14.0,"gold_loss":0.0,"damage_taken":0.0,"relics_obtained":["FaceOfCleric"]},{"cards_removed":["SashWhip"],"damage_healed":0.0,"max_hp_gain":0.0,"max_hp_loss":0.0,"gold_gain":0.0,"event_name":"Beggar","player_choice":"Gave Gold","floor":19.0,"gold_loss":75.0,"damage_taken":0.0},{"damage_healed":0.0,"max_hp_gain":0.0,"max_hp_loss":0.0,"gold_gain":0.0,"event_name":"The Mausoleum","player_choice":"Opened","floor":29.0,"gold_loss":0.0,"damage_taken":0.0,"relics_obtained":["Du-Vu Doll"],"cards_obtained":["Writhe"]},{"damage_healed":0.0,"max_hp_gain":0.0,"max_hp_loss":0.0,"gold_gain":0.0,"event_name":"Lab","player_choice":"Got Potions","floor":37.0,"gold_loss":0.0,"damage_taken":0.0}],"is_beta":false,"boss_relics":[{"not_picked":["Runic Pyramid","Cursed Key"],"picked":"Pandora\u0027s Box"},{"not_picked":["Velvet Choker","Astrolabe"],"picked":"Fusion Hammer"}],"items_purged_floors":[39],"is_endless":false,"potions_floor_spawned":[1,8,11,21,30,31,33,36,42,44,46,47,48],"killed_by":"Time Eater","ascension_level":20}