{"gold_per_floor":[15,15,28,45,145,145,160,190,190,201,213,242,242,256,256,355,355,366,91,102,201,249,249,282,282,307,407,432,432,461,478,478,581,581,592,603,653,172,218,249,249,281,281,156,156,174,205,216,216,216],"floor_reached":50,"playtime":3240,"items_purged":["Defend_P","Evaluate","Pain"],"score":738,"play_id":"8f846670-a3c8-48e8-b195-e554af0c8fe8","local_time":"20240401103644","is_ascension_mode":true,"campfire_choices":[{"data":"BattleHymn","floor":6.0,"key":"SMITH"},{"data":"TalkToTheHand","floor":15.0,"key":"SMITH"},{"data":"Establishment","floor":23.0,"key":"SMITH"},{"data":"Eruption","floor":25.0,"key":"SMITH"},{"floor":29.0,"key":"REST"},{"floor":32.0,"key":"REST"},{"data":"Worship","floor":45,"key":"SMITH"},{"data":"TalkToTheHand","floor":49,"key":"SMITH"}],"neow_cost":"NO_GOLD","seed_source_timestamp":1441994497181800,"circlet_count":0,"master_deck":["Strike_P","Strike_P+1","Eruption+1","Vigilance","BattleHymn+1","CutThroughFate","Halt","CrushJoints+1","Vengeance+1","TalkToTheHand+1","Eruption+1","Establishment+1","EmptyFist","ThirdEye","Protect","CutThroughFate","TalkToTheHand+1","Worship+1","Vault","Weave+1","Sanctity+1","Sanctity+1","Meditate+1","Worship+1","Nirvana","LessonLearned","TalkToTheHand","InnerPeace","CutThroughFate+1"],"special_seed":0,"relics":["PureWater","Omamori","Oddly Smooth Stone","TeardropLocket","Cursed Key","Orrery","Happy Flower","Centennial Puzzle","Prayer Wheel","Matryoshka","Akabeko","Regal Pillow","Astrolabe","CaptainsWheel","PreservedInsect","ClockworkSouvenir","Bird Faced Urn","Whetstone","Vajra","Letter Opener","FossilizedHelix","Meat on the Bone"],"potions_floor_usage":[46],"damage_taken":[{"damage":6.0,"enemies":"2 Louse","floor":1.0,"turns":3.0},{"damage":0.0,"enemies":"Cultist","floor":3.0,"turns":2.0},{"damage":0.0,"enemies":"Jaw Worm","floor":4.0,"turns":3.0},{"damage":0.0,"enemies":"Exordium Wildlife","floor":7.0,"turns":2.0},{"damage":0.0,"enemies":"Lagavulin","floor":8.0,"turns":3.0},{"damage":0.0,"enemies":"Large Slime","floor":10.0,"turns":3.0},{"damage":0.0,"enemies":"2 Fungi Beasts","floor":11.0,"turns":2.0},{"damage":12.0,"enemies":"3 Sentries","floor":12.0,"turns":3.0},{"damage":3.0,"enemies":"Looter","floor":14.0,"turns":2.0},{"damage":17.0,"enemies":"The Guardian","floor":16.0,"turns":8.0},{"damage":22.0,"enemies":"2 Thieves","floor":18.0,"turns":3.0},{"damage":0.0,"enemies":"Spheric Guardian","floor":20.0,"turns":2.0},{"damage":1.0,"enemies":"Book of Stabbing","floor":24.0,"turns":4.0},{"damage":27.0,"enemies":"Colosseum Slavers","floor":27.0,"turns":3.0},{"damage":6.0,"enemies":"Colosseum Nobs","floor":27.0,"turns":4.0},{"damage":8.0,"enemies":"Gremlin Leader","floor":28.0,"turns":4.0},{"damage":2.0,"enemies":"Book of Stabbing","floor":30.0,"turns":4.0},{"damage":17.0,"enemies":"Centurion and Healer","floor":31.0,"turns":4.0},{"damage":38.0,"enemies":"Champ","floor":33.0,"turns":10.0},{"damage":7.0,"enemies":"3 Shapes","floor":35.0,"turns":4.0},{"damage":7.0,"enemies":"3 Darklings","floor":36.0,"turns":4.0},{"damage":0.0,"enemies":"Mind Bloom Boss Battle","floor":37.0,"turns":5.0},{"damage":22,"enemies":"2 Orb Walkers","floor":39,"turns":4},{"damage":6,"enemies":"Reptomancer","floor":40,"turns":3},{"damage":5,"enemies":"Nemesis","floor":42,"turns":3},{"damage":0,"enemies":"Transient","floor":46,"turns":5},{"damage":0,"enemies":"Giant Head","floor":47,"turns":4},{"damage":0,"enemies":"Writhing Mass","floor":48,"turns":4},{"damage":70,"enemies":"Time Eater","floor":50,"turns":9}],"seed_played":"8555065771983472389","potions_obtained":[{"floor":1.0,"key":"BlessingOfTheForge"},{"floor":7.0,"key":"EssenceOfSteel"},{"floor":8.0,"key":"Dexterity Potion"},{"floor":10.0,"key":"DistilledChaos"},{"floor":11.0,"key":"StancePotion"},{"floor":18.0,"key":"Fruit Juice"},{"floor":24.0,"key":"Ancient Potion"},{"floor":27.0,"key":"SkillPotion"},{"floor":30.0,"key":"Ambrosia"},{"floor":33.0,"key":"GamblersBrew"},{"floor":37.0,"key":"LiquidBronze"},{"floor":47,"key":"EssenceOfSteel"}],"is_trial":false,"path_per_floor":["M","?","M","M","?","R","M","E","T","M","M","E","?","M","R","B",null,"M","$","M","?","T","R","E","R","T","?","E","R","E","M","R","B",null,"M","M","?","$","?","E","?","E","T","$","R","M","E","M","R","B"],"character_chosen":"WATCHER","items_purchased":["Orrery","Protect","PreservedInsect","ClockworkSouvenir","Nirvana"],"campfire_rested":2,"item_purchase_floors":[19,19,38,38,38],"current_hp_per_floor":[66,66,66,66,66,66,66,66,66,66,66,54,54,51,51,34,72,50,50,50,50,50,50,49,49,49,21,13,36,34,17,55,17,77,70,63,63,63,41,39,39,40,40,40,40,44,48,54,54,0],"gold":216,"neow_bonus":"REMOVE_TWO","is_prod":false,"is_daily":false,"chose_seed":false,"campfire_upgraded":6,"win_rate":0,"timestamp":1711993004,"path_taken":["M","?","M","M","?","R","?","E","T","M","M","E","?","M","R","BOSS","M","$","?","?","?","R","E","R","T","?","E","R","E","M","R","BOSS","M","M","?","$","?","E","?","E","T","?","R","M","E","M","R","BOSS"],"build_version":"2022-12-18","purchased_purges":3,"victory":false,"max_hp_per_floor":[72,72,72,72,72,72,72,72,72,72,72,72,72,72,72,72,72,72,72,72,72,72,72,72,72,72,77,77,77,77,77,77,77,77,77,77,77,77,77,77,73,73,73,73,73,73,73,73,73,73],"card_choices":[{"not_picked":["Study","Halt"],"picked":"BattleHymn","floor":1.0},{"not_picked":["Study","Perseverance","EmptyBody"],"picked":"SKIP","floor":3.0},{"not_picked":["Weave","EmptyFist"],"picked":"CutThroughFate","floor":4.0},{"not_picked":["Crescendo","CutThroughFate"],"picked":"Halt","floor":7.0},{"not_picked":["Perseverance","Swivel"],"picked":"CrushJoints","floor":8.0},{"not_picked":["Wish","WreathOfFlame","EmptyBody"],"picked":"SKIP","floor":10.0},{"not_picked":["Wireheading","Fasting2"],"picked":"Vengeance","floor":11.0},{"not_picked":["CrushJoints","Consecrate"],"picked":"TalkToTheHand","floor":12.0},{"not_picked":["CutThroughFate","Fasting2"],"picked":"Evaluate","floor":14.0},{"not_picked":["Scrawl","Omniscience"],"picked":"Establishment","floor":16.0},{"not_picked":["Fasting2+1","PathToVictory+1"],"picked":"EmptyFist","floor":18.0},{"not_picked":["JustLucky","BattleHymn"],"picked":"ThirdEye","floor":19.0},{"not_picked":["SashWhip","CrushJoints","Vengeance"],"picked":"SKIP","floor":20.0},{"not_picked":["Study+1","PathToVictory"],"picked":"CutThroughFate","floor":24.0},{"not_picked":["Halt","ClearTheMind"],"picked":"TalkToTheHand","floor":27.0},{"not_picked":["Nirvana+1","Pray","Evaluate+1"],"picked":"SKIP","floor":28.0},{"not_picked":["Prostrate","Brilliance","Pray"],"picked":"SKIP","floor":30.0},{"not_picked":["CarveReality+1","ThirdEye+1"],"picked":"Worship","floor":31.0},{"not_picked":["BattleHymn","WindmillStrike","PathToVictory+1"],"picked":"SKIP","floor":31.0},{"not_picked":["Judgement","Brilliance"],"picked":"Vault","floor":33.0},{"not_picked":["Sanctity+1","PathToVictory"],"picked":"Meditate+1","floor":35.0},{"not_picked":["Indignation+1","CutThroughFate","CrushJoints+1"],"picked":"SKIP","floor":35.0},{"not_picked":["Indignation+1","FlurryOfBlows+1","EmptyBody+1"],"picked":"SKIP","floor":36.0},{"not_picked":["EmptyFist+1","Sanctity+1","SashWhip+1"],"picked":"SKIP","floor":36.0},{"not_picked":["ClearTheMind+1","Protect+1"],"picked":"Worship+1","floor":37.0},{"not_picked":["FollowUp","Nirvana+1","WreathOfFlame+1"],"picked":"SKIP","floor":40},{"not_picked":["EmptyFist","Crescendo"],"picked":"LessonLearned","floor":42},{"not_picked":["SashWhip+1","WreathOfFlame"],"picked":"TalkToTheHand","floor":46},{"not_picked":["FlurryOfBlows","SignatureMove","ClearTheMind+1"],"picked":"SKIP","floor":46},{"not_picked":["Meditate","Halt"],"picked":"InnerPeace","floor":47},{"not_picked":["JustLucky+1","ThirdEye"],"picked":"CutThroughFate+1","floor":48},{"not_picked":["ClearTheMind","DevaForm","Protect+1"],"picked":"SKIP","floor":48}],"player_experience":1065369,"relics_obtained":[{"floor":8.0,"key":"Omamori"},{"floor":9.0,"key":"Oddly Smooth Stone"},{"floor":12.0,"key":"TeardropLocket"},{"floor":22.0,"key":"Happy Flower"},{"floor":24.0,"key":"Centennial Puzzle"},{"floor":27.0,"key":"Prayer Wheel"},{"floor":27.0,"key":"Matryoshka"},{"floor":28.0,"key":"Akabeko"},{"floor":30.0,"key":"Regal Pillow"},{"floor":37.0,"key":"CaptainsWheel"},{"floor":39,"key":"Bird Faced Urn"},{"floor":40,"key":"Whetstone"},{"floor":42,"key":"Vajra"},{"floor":43,"key":"Letter Opener"},{"floor":43,"key":"FossilizedHelix"},{"floor":47,"key":"Meat on the Bone"}],"event_choices":[{"damage_healed":0.0,"max_hp_gain":0.0,"max_hp_loss":0.0,"gold_gain":0.0,"event_name":"Living Wall","player_choice":"Grow","floor":2.0,"gold_loss":0.0,"damage_taken":0.0,"cards_upgraded":["Eruption"]},{"damage_healed":0.0,"max_hp_gain":0.0,"max_hp_loss":0.0,"gold_gain":100.0,"event_name":"Golden Shrine","player_choice":"Pray","floor":5.0,"gold_loss":0.0,"damage_taken":0.0},{"damage_healed":0.0,"max_hp_gain":0.0,"max_hp_loss":0.0,"gold_gain":0.0,"event_name":"Match and Keep!","player_choice":"1 cards matched","floor":13.0,"gold_loss":0.0,"damage_taken":0.0,"cards_obtained":["Eruption"]},{"damage_healed":0.0,"max_hp_gain":0.0,"max_hp_loss":0.0,"gold_gain":99.0,"event_name":"Nest","player_choice":"Stole From Cult","floor":21.0,"gold_loss":0.0,"damage_taken":0.0},{"damage_healed":0.0,"max_hp_gain":0.0,"max_hp_loss":0.0,"gold_gain":0.0,"event_name":"Colosseum","player_choice":"Fight","floor":27.0,"gold_loss":0.0,"damage_taken":0.0},{"damage_healed":0.0,"max_hp_gain":0.0,"max_hp_loss":0.0,"gold_gain":0.0,"event_name":"Colosseum","player_choice":"Fought Nobs","floor":27.0,"gold_loss":0.0,"damage_taken":0.0},{"damage_healed":0.0,"max_hp_gain":0.0,"max_hp_loss":0.0,"gold_gain":0.0,"event_name":"MindBloom","player_choice":"Fight","floor":37.0,"gold_loss":0.0,"damage_taken":0.0},{"damage_healed":0,"gold_gain":0,"player_choice":"Fight","damage_taken":0,"max_hp_gain":0,"max_hp_loss":0,"event_name":"Mysterious Sphere","floor":39,"gold_loss":0},{"damage_healed":0,"gold_gain":0,"player_choice":"Max HP","damage_taken":0,"max_hp_gain":0,"max_hp_loss":4,"event_name":"Winding Halls","floor":41,"gold_loss":0}],"is_beta":false,"boss_relics":[{"not_picked":["Fusion Hammer","Ectoplasm"],"picked":"Cursed Key"},{"not_picked":["Empty Cage","Runic Dome"],"picked":"Astrolabe"}],"items_purged_floors":[19,38,44],"is_endless":false,"potions_floor_spawned":[1,7,8,10,11,18,24,27,27,30,33,37,40,47],"killed_by":"Time Eater","ascension_level":2}