{"gold_per_floor":[117,117,192,20,30,30,65,80,104,114,47,58,58,88,88,189,189,203,222,240,240,87,118,118,118,194,194,25,55,71,84,84,183,183,203,55,55,73,53,53,64,89,89,102,122,150,150,175,175,175,175,175,14,47,47],"floor_reached":56,"playtime":3580,"items_purged":["Defend_P","Crescendo","Strike_P"],"score":1467,"play_id":"22c9643c-6902-4223-8d83-1dc79b3f9ba3","local_time":"20240324181543","is_ascension_mode":true,"campfire_choices":[{"data":"Eruption","floor":6.0,"key":"SMITH"},{"data":"Worship","floor":13.0,"key":"SMITH"},{"data":"Prostrate","floor":15.0,"key":"SMITH"},{"data":"TalkToTheHand","floor":24.0,"key":"SMITH"},{"data":"Devotion","floor":27.0,"key":"SMITH"},{"data":"Nirvana","floor":32.0,"key":"SMITH"},{"data":"CutThroughFate","floor":40.0,"key":"SMITH"},{"data":"Defend_P","floor":47.0,"key":"PURGE"},{"floor":49.0,"key":"RECALL"},{"data":"Strike_P","floor":52.0,"key":"PURGE"}],"neow_cost":"NONE","seed_source_timestamp":0,"circlet_count":0,"master_deck":["Strike_P","Strike_P","Eruption+1","Vigilance","CutThroughFate+1","CarveReality","Prostrate+1","CutThroughFate","Prostrate+1","FlurryOfBlows+1","FearNoEvil+1","Worship+1","Devotion+1","DeceiveReality","Nirvana+1","TalkToTheHand+1","Scrawl+1","MentalFortress+1","EmptyFist","Pray","Evaluate+1","TalkToTheHand+1","JustLucky+1","TalkToTheHand+1","InnerPeace","FlurryOfBlows+1"],"special_seed":0,"relics":["PureWater","NeowsBlessing","Happy Flower","Bag of Preparation","Boot","Black Star","Oddly Smooth Stone","Mercury Hourglass","Kunai","Frozen Egg 2","Omamori","War Paint","Runic Pyramid","DollysMirror","Bronze Scales","Nunchaku","Peace Pipe","Question Card","Letter Opener","Damaru","StoneCalendar","Whetstone"],"potions_floor_usage":[54,55],"damage_taken":[{"damage":0.0,"enemies":"Jaw Worm","floor":1.0,"turns":1.0},{"damage":0.0,"enemies":"Small Slimes","floor":5.0,"turns":1.0},{"damage":0.0,"enemies":"Gremlin Nob","floor":7.0,"turns":1.0},{"damage":0.0,"enemies":"Cultist","floor":8.0,"turns":2.0},{"damage":0.0,"enemies":"3 Louse","floor":10.0,"turns":2.0},{"damage":0.0,"enemies":"Exordium Thugs","floor":12.0,"turns":1.0},{"damage":0.0,"enemies":"Lagavulin","floor":14.0,"turns":4.0},{"damage":32.0,"enemies":"The Guardian","floor":16.0,"turns":9.0},{"damage":1.0,"enemies":"3 Byrds","floor":18.0,"turns":3.0},{"damage":3.0,"enemies":"Shell Parasite","floor":19.0,"turns":3.0},{"damage":0.0,"enemies":"Snecko","floor":20.0,"turns":4.0},{"damage":8.0,"enemies":"Gremlin Leader","floor":23.0,"turns":6.0},{"damage":3.0,"enemies":"Slavers","floor":29.0,"turns":5.0},{"damage":0.0,"enemies":"Centurion and Healer","floor":30.0,"turns":2.0},{"damage":1.0,"enemies":"Snake Plant","floor":31.0,"turns":2.0},{"damage":21.0,"enemies":"Collector","floor":33.0,"turns":5.0},{"damage":1.0,"enemies":"Orb Walker","floor":35.0,"turns":3.0},{"damage":0.0,"enemies":"3 Shapes","floor":38.0,"turns":3.0},{"damage":0.0,"enemies":"3 Darklings","floor":41.0,"turns":3.0},{"damage":8.0,"enemies":"Nemesis","floor":42.0,"turns":5.0},{"damage":0.0,"enemies":"Maw","floor":44.0,"turns":5.0},{"damage":0.0,"enemies":"Transient","floor":45.0,"turns":5.0},{"damage":0.0,"enemies":"Giant Head","floor":46.0,"turns":6.0},{"damage":0.0,"enemies":"Nemesis","floor":48.0,"turns":3.0},{"damage":0.0,"enemies":"Awakened One","floor":50.0,"turns":8.0},{"damage":22,"enemies":"Shield and Spear","floor":54,"turns":5},{"damage":56,"enemies":"The Heart","floor":55,"turns":7}],"seed_played":"-3845912729284962722","potions_obtained":[{"floor":8.0,"key":"DistilledChaos"},{"floor":10.0,"key":"BottledMiracle"},{"floor":16.0,"key":"Strength Potion"},{"floor":18.0,"key":"Block Potion"},{"floor":20.0,"key":"FairyPotion"},{"floor":31.0,"key":"SteroidPotion"},{"floor":39.0,"key":"Energy Potion"},{"floor":41.0,"key":"Weak Potion"},{"floor":45.0,"key":"BottledMiracle"},{"floor":54,"key":"LiquidBronze"}],"is_trial":false,"path_per_floor":["M","?","?","$","M","R","E","M","T","M","$","M","R","E","R","B",null,"M","M","M","?","$","E","R","T","T","R","$","E","M","M","R","B",null,"M","$","?","M","?","R","M","E","T","M","M","E","R","E","R","B",null,"R","$","E","B",null],"character_chosen":"WATCHER","items_purchased":["Crescendo","CarveReality","FearNoEvil","Oddly Smooth Stone","MentalFortress+1","DollysMirror","InnerPeace"],"campfire_rested":0,"item_purchase_floors":[4,4,11,22,28,36,53],"current_hp_per_floor":[72,77,66,66,66,66,66,66,66,66,66,66,66,66,66,34,77,76,73,73,73,73,65,65,65,65,65,65,62,62,61,61,40,77,76,76,76,76,76,76,76,68,68,68,68,68,68,68,68,68,77,77,77,55,23],"gold":47,"neow_bonus":"THREE_ENEMY_KILL","is_prod":false,"is_daily":false,"chose_seed":false,"campfire_upgraded":7,"win_rate":0,"timestamp":1711329343,"path_taken":["M","?","?","?","?","R","E","M","T","M","$","M","R","E","R","BOSS","M","M","M","?","?","E","R","?","T","R","$","E","M","M","R","BOSS","M","$","?","M","?","R","M","E","T","M","?","E","R","E","R","BOSS","R","$","E","BOSS"],"build_version":"2022-12-18","purchased_purges":3,"victory":true,"max_hp_per_floor":[72,77,77,77,77,77,77,77,77,77,77,77,77,77,77,77,77,77,77,77,77,77,77,77,77,77,77,77,77,77,77,77,77,77,77,77,77,77,77,77,77,77,77,77,77,77,77,77,77,77,77,77,77,77,77],"card_choices":[{"not_picked":["DeceiveReality","SandsOfTime"],"picked":"CutThroughFate","floor":1.0},{"not_picked":["InnerPeace","CrushJoints"],"picked":"Prostrate","floor":5.0},{"not_picked":["BowlingBash","Vengeance"],"picked":"CutThroughFate","floor":7.0},{"not_picked":["Conclude","EmptyBody"],"picked":"Prostrate","floor":8.0},{"not_picked":["WreathOfFlame","CutThroughFate"],"picked":"FlurryOfBlows","floor":10.0},{"not_picked":["Vengeance","JustLucky"],"picked":"Worship","floor":12.0},{"not_picked":["Conclude","SignatureMove","WreathOfFlame"],"picked":"SKIP","floor":14.0},{"not_picked":["LessonLearned","DevaForm"],"picked":"Devotion","floor":16.0},{"not_picked":["SashWhip+1","ForeignInfluence+1"],"picked":"DeceiveReality","floor":18.0},{"not_picked":["WaveOfTheHand+1","FlyingSleeves"],"picked":"Nirvana","floor":19.0},{"not_picked":["EmptyFist","LikeWater"],"picked":"TalkToTheHand","floor":20.0},{"not_picked":["ClearTheMind","Wireheading"],"picked":"Scrawl","floor":23.0},{"not_picked":["Consecrate","Prostrate"],"picked":"EmptyFist","floor":29.0},{"not_picked":["BowlingBash","SashWhip","ThirdEye"],"picked":"SKIP","floor":30.0},{"not_picked":["CarveReality","SignatureMove"],"picked":"Pray","floor":31.0},{"not_picked":["SignatureMove+1","CrushJoints"],"picked":"Evaluate+1","floor":35.0},{"not_picked":["ClearTheMind","EmptyBody+1","EmptyFist"],"picked":"SKIP","floor":38.0},{"not_picked":["CarveReality+1","CrushJoints+1","Crescendo+1"],"picked":"SKIP","floor":41.0},{"not_picked":["Weave","BowlingBash","CrushJoints+1"],"picked":"SKIP","floor":42.0},{"not_picked":["Evaluate+1","EmptyBody"],"picked":"JustLucky+1","floor":44.0},{"not_picked":["FlyingSleeves","Protect","Evaluate"],"picked":"SKIP","floor":45.0},{"not_picked":["Evaluate+1","CarveReality"],"picked":"TalkToTheHand+1","floor":46.0},{"not_picked":["Judgement","EmptyBody","FollowUp","WreathOfFlame"],"picked":"SKIP","floor":48.0},{"not_picked":["CrushJoints","PathToVictory","EmptyBody+1"],"picked":"FlurryOfBlows+1","floor":54}],"player_experience":1042785,"relics_obtained":[{"floor":7.0,"key":"Happy Flower"},{"floor":9.0,"key":"Bag of Preparation"},{"floor":14.0,"key":"Boot"},{"floor":23.0,"key":"Mercury Hourglass"},{"floor":23.0,"key":"Kunai"},{"floor":25.0,"key":"Frozen Egg 2"},{"floor":29.0,"key":"Omamori"},{"floor":29.0,"key":"War Paint"},{"floor":42.0,"key":"Bronze Scales"},{"floor":42.0,"key":"Nunchaku"},{"floor":43.0,"key":"Peace Pipe"},{"floor":46.0,"key":"Question Card"},{"floor":46.0,"key":"Letter Opener"},{"floor":48.0,"key":"Damaru"},{"floor":48.0,"key":"StoneCalendar"},{"floor":54,"key":"Whetstone"}],"event_choices":[{"damage_healed":0.0,"max_hp_gain":5.0,"max_hp_loss":0.0,"gold_gain":0.0,"event_name":"Big Fish","player_choice":"Donut","floor":2.0,"gold_loss":0.0,"damage_taken":0.0},{"damage_healed":0.0,"max_hp_gain":0.0,"max_hp_loss":0.0,"gold_gain":75.0,"event_name":"World of Goop","player_choice":"Gather Gold","floor":3.0,"gold_loss":0.0,"damage_taken":11.0},{"cards_removed":["Defend_P"],"damage_healed":0.0,"max_hp_gain":0.0,"max_hp_loss":0.0,"gold_gain":0.0,"event_name":"Bonfire Elementals","player_choice":"Offered Basic","floor":21.0,"gold_loss":0.0,"damage_taken":0.0},{"cards_removed":["Defend_P"],"damage_healed":0.0,"max_hp_gain":0.0,"max_hp_loss":0.0,"gold_gain":0.0,"event_name":"Falling","player_choice":"Removed Skill","floor":37.0,"gold_loss":0.0,"damage_taken":0.0},{"damage_healed":0.0,"max_hp_gain":0.0,"max_hp_loss":0.0,"gold_gain":0.0,"event_name":"The Woman in Blue","player_choice":"Bought 1 Potion","floor":39.0,"gold_loss":0.0,"damage_taken":0.0}],"is_beta":false,"boss_relics":[{"not_picked":["Coffee Dripper","VioletLotus"],"picked":"Black Star"},{"not_picked":["HolyWater","Philosopher\u0027s Stone"],"picked":"Runic Pyramid"}],"items_purged_floors":[4,28,53],"is_endless":false,"potions_floor_spawned":[8,10,16,18,20,31,41,42,45,54],"ascension_level":1}