{"gold_per_floor":[117,136,86,104,104,138,138,164,218,249,268,300,310,320,320,421,421,434,446,215,227,240,270,270,270,295,318,364,376,399,443,455,566,578,601,663,375,475,495,528,528,556,608,627,206,240,240,265,265,265,265,265,69,95,95],"floor_reached":56,"playtime":4548,"items_purged":["PathToVictory+1","Pray+1"],"score":1870,"play_id":"f12212e9-b579-470f-8f84-7781cafaa789","local_time":"20240401212401","is_ascension_mode":true,"campfire_choices":[{"data":"WheelKick","floor":7.0,"key":"SMITH"},{"data":"MentalFortress","floor":15.0,"key":"SMITH"},{"data":"Scrawl","floor":24.0,"key":"SMITH"},{"data":"Prostrate","floor":29.0,"key":"SMITH"},{"floor":32.0,"key":"REST"},{"floor":41.0,"key":"RECALL"},{"data":"MentalFortress","floor":47.0,"key":"SMITH"},{"floor":49.0,"key":"REST"},{"floor":52,"key":"REST"}],"neow_cost":"TEN_PERCENT_HP_LOSS","seed_source_timestamp":0,"circlet_count":0,"master_deck":["Eruption+1","Vigilance+1","WheelKick+1","Prostrate+1","FlurryOfBlows+1","Pray+1","MentalFortress+1","Scrawl+1","Prostrate+1","LessonLearned+1","Worship+1","Sanctity+1","CutThroughFate+1","Meditate+1","Consecrate+1","Brilliance+1","TalkToTheHand+1","SpiritShield+1","Wallop+1","Adaptation+1","MentalFortress+1","Scrawl"],"special_seed":0,"relics":["PureWater","Darkstone Periapt","Oddly Smooth Stone","Bag of Preparation","Lantern","Vajra","Pandora\u0027s Box","Nunchaku","Du-Vu Doll","MawBank","Question Card","Shuriken","Empty Cage","CloakClasp","ClockworkSouvenir","Damaru","Gremlin Horn","Kunai","Pantograph","MealTicket","Happy Flower","Toy Ornithopter"],"potions_floor_usage":[55,55],"damage_taken":[{"damage":9.0,"enemies":"2 Louse","floor":1.0,"turns":2.0},{"damage":2.0,"enemies":"Jaw Worm","floor":2.0,"turns":4.0},{"damage":0.0,"enemies":"Cultist","floor":4.0,"turns":2.0},{"damage":0.0,"enemies":"Lagavulin","floor":6.0,"turns":2.0},{"damage":0.0,"enemies":"Gremlin Nob","floor":8.0,"turns":2.0},{"damage":2.0,"enemies":"Lagavulin","floor":10.0,"turns":3.0},{"damage":10.0,"enemies":"Exordium Thugs","floor":11.0,"turns":2.0},{"damage":0.0,"enemies":"Gremlin Nob","floor":12.0,"turns":2.0},{"damage":0.0,"enemies":"2 Fungi Beasts","floor":13.0,"turns":1.0},{"damage":0.0,"enemies":"Lots of Slimes","floor":14.0,"turns":1.0},{"damage":0.0,"enemies":"Hexaghost","floor":16.0,"turns":4.0},{"damage":0.0,"enemies":"2 Thieves","floor":18.0,"turns":2.0},{"damage":8.0,"enemies":"3 Byrds","floor":19.0,"turns":3.0},{"damage":0.0,"enemies":"Snake Plant","floor":21.0,"turns":2.0},{"damage":0.0,"enemies":"Shelled Parasite and Fungi","floor":22.0,"turns":2.0},{"damage":13.0,"enemies":"Slavers","floor":23.0,"turns":3.0},{"damage":0.0,"enemies":"Chosen and Byrds","floor":27.0,"turns":2.0},{"damage":0.0,"enemies":"Gremlin Leader","floor":28.0,"turns":3.0},{"damage":0.0,"enemies":"Centurion and Healer","floor":30.0,"turns":3.0},{"damage":0.0,"enemies":"Book of Stabbing","floor":31.0,"turns":3.0},{"damage":0.0,"enemies":"Collector","floor":33.0,"turns":4.0},{"damage":0.0,"enemies":"Orb Walker","floor":35.0,"turns":2.0},{"damage":0.0,"enemies":"Mind Bloom Boss Battle","floor":36.0,"turns":2.0},{"damage":0.0,"enemies":"3 Darklings","floor":39.0,"turns":3.0},{"damage":0.0,"enemies":"Giant Head","floor":40.0,"turns":4.0},{"damage":0.0,"enemies":"Nemesis","floor":42.0,"turns":1.0},{"damage":0.0,"enemies":"Jaw Worm Horde","floor":44.0,"turns":2.0},{"damage":0.0,"enemies":"Reptomancer","floor":46.0,"turns":1.0},{"damage":0,"enemies":"Awakened One","floor":50,"turns":4},{"damage":0,"enemies":"Shield and Spear","floor":54,"turns":2},{"damage":0,"enemies":"The Heart","floor":55,"turns":5}],"seed_played":"2253911936672541266","potions_obtained":[{"floor":2.0,"key":"Fire Potion"},{"floor":4.0,"key":"SpeedPotion"},{"floor":11.0,"key":"GamblersBrew"},{"floor":12.0,"key":"StancePotion"},{"floor":16.0,"key":"Weak Potion"},{"floor":23.0,"key":"Dexterity Potion"},{"floor":36.0,"key":"BottledMiracle"},{"floor":42.0,"key":"StancePotion"}],"is_trial":false,"path_per_floor":["M","M","?","M","?","E","R","E","T","E","M","E","M","M","R","B",null,"M","M","$","M","M","E","R","?","T","M","E","R","M","E","R","B",null,"M","?","$","?","M","E","R","E","T","M","$","E","R","T","R","B",null,"R","$","E","B",null],"character_chosen":"WATCHER","items_purchased":["Nunchaku","ClockworkSouvenir","SpiritShield","MentalFortress","Kunai","Happy Flower","Swift Potion"],"campfire_rested":3,"item_purchase_floors":[20,37,37,45,45,53,53],"current_hp_per_floor":[56,54,54,54,54,54,54,54,54,52,42,42,42,42,42,42,65,65,57,57,57,57,44,44,44,44,44,44,44,44,44,63,63,65,65,65,65,65,65,65,65,65,65,65,65,65,65,65,65,65,65,65,65,65,65],"gold":95,"neow_bonus":"REMOVE_TWO","is_prod":false,"is_daily":false,"chose_seed":false,"campfire_upgraded":5,"win_rate":0,"timestamp":1712031841,"path_taken":["M","M","?","M","?","E","R","E","T","E","M","E","M","M","R","BOSS","M","M","$","M","M","E","R","?","T","M","E","R","M","E","R","BOSS","M","?","$","?","?","E","R","E","T","M","$","E","R","?","R","BOSS","R","$","E","BOSS"],"build_version":"2022-12-18","purchased_purges":2,"victory":true,"max_hp_per_floor":[65,65,65,65,65,65,65,65,65,65,65,65,65,65,65,65,65,65,65,65,65,65,65,65,65,65,65,65,65,65,65,65,65,65,65,65,65,65,65,65,65,65,65,65,65,65,65,65,65,65,65,65,65,65,65],"card_choices":[{"not_picked":["Crescendo","CrushJoints"],"picked":"WheelKick","floor":1.0},{"not_picked":["Crescendo","BowlingBash"],"picked":"Prostrate","floor":2.0},{"not_picked":["Tantrum","FlyingSleeves"],"picked":"FlurryOfBlows","floor":4.0},{"not_picked":["PathToVictory","FlurryOfBlows"],"picked":"Evaluate","floor":6.0},{"not_picked":["ThirdEye","Consecrate"],"picked":"Pray","floor":8.0},{"not_picked":["Ragnarok","PathToVictory"],"picked":"Pray","floor":10.0},{"not_picked":["PathToVictory","Meditate"],"picked":"MentalFortress","floor":11.0},{"not_picked":["Indignation","ThirdEye"],"picked":"Scrawl","floor":12.0},{"not_picked":["BattleHymn","EmptyBody"],"picked":"Prostrate","floor":13.0},{"not_picked":["FlyingSleeves","FollowUp","SashWhip"],"picked":"SKIP","floor":14.0},{"not_picked":["FlyingSleeves","FollowUp","SashWhip"],"picked":"SKIP","floor":14.0},{"not_picked":["SpiritShield","Brilliance"],"picked":"LessonLearned","floor":16.0},{"not_picked":["PathToVictory+1","FollowUp+1","Halt"],"picked":"SKIP","floor":18.0},{"not_picked":["Consecrate","Halt+1","EmptyBody"],"picked":"SKIP","floor":19.0},{"not_picked":["BowlingBash+1","FlyingSleeves+1","Halt"],"picked":"SKIP","floor":21.0},{"not_picked":["EmptyMind+1","Collect+1"],"picked":"CutThroughFate","floor":22.0},{"not_picked":["ThirdEye","DeusExMachina"],"picked":"Meditate","floor":23.0},{"not_picked":["Protect","ClearTheMind+1","Crescendo"],"picked":"SKIP","floor":27.0},{"not_picked":["LikeWater","Vengeance","InnerPeace"],"picked":"SKIP","floor":28.0},{"not_picked":["Halt","BowlingBash","SashWhip","Perseverance+1"],"picked":"SKIP","floor":30.0},{"not_picked":["JustLucky","SashWhip","ThirdEye"],"picked":"Consecrate","floor":31.0},{"not_picked":["ConjureBlade","Scrawl","Vault"],"picked":"Brilliance","floor":33.0},{"not_picked":["EmptyFist+1","Tantrum+1","JustLucky"],"picked":"TalkToTheHand+1","floor":35.0},{"not_picked":["Consecrate+1","Prostrate","Protect+1","ThirdEye+1"],"picked":"SKIP","floor":39.0},{"not_picked":["FollowUp","Devotion","Sanctity"],"picked":"Wallop+1","floor":40.0},{"not_picked":["BattleHymn+1","BowlingBash","FlurryOfBlows+1","Collect+1"],"picked":"SKIP","floor":42.0},{"not_picked":["WreathOfFlame+1","CrushJoints","EmptyFist"],"picked":"Adaptation+1","floor":44.0},{"not_picked":["Conclude","Meditate","EmptyBody+1","ClearTheMind"],"picked":"SKIP","floor":46.0},{"not_picked":["CutThroughFate+1","SandsOfTime","LikeWater"],"picked":"Scrawl","floor":54}],"player_experience":1070179,"relics_obtained":[{"floor":6.0,"key":"Darkstone Periapt"},{"floor":8.0,"key":"Oddly Smooth Stone"},{"floor":9.0,"key":"Bag of Preparation"},{"floor":10.0,"key":"Lantern"},{"floor":12.0,"key":"Vajra"},{"floor":23.0,"key":"Du-Vu Doll"},{"floor":26.0,"key":"MawBank"},{"floor":28.0,"key":"Question Card"},{"floor":31.0,"key":"Shuriken"},{"floor":36.0,"key":"CloakClasp"},{"floor":40.0,"key":"Damaru"},{"floor":42.0,"key":"Gremlin Horn"},{"floor":46.0,"key":"Pantograph"},{"floor":48.0,"key":"MealTicket"},{"floor":54,"key":"Toy Ornithopter"}],"event_choices":[{"cards_removed":["Strike_P"],"damage_healed":0.0,"max_hp_gain":0.0,"max_hp_loss":0.0,"gold_gain":0.0,"event_name":"The Cleric","player_choice":"Card Removal","floor":3.0,"gold_loss":50.0,"damage_taken":0.0},{"damage_healed":0.0,"max_hp_gain":0.0,"max_hp_loss":0.0,"gold_gain":0.0,"event_name":"Living Wall","player_choice":"Grow","floor":5.0,"gold_loss":0.0,"damage_taken":0.0,"cards_upgraded":["Eruption"]},{"cards_removed":["SandsOfTime"],"damage_healed":0.0,"max_hp_gain":0.0,"max_hp_loss":0.0,"gold_gain":0.0,"event_name":"Back to Basics","player_choice":"Elegance","floor":25.0,"gold_loss":0.0,"damage_taken":0.0},{"damage_healed":0.0,"max_hp_gain":0.0,"max_hp_loss":0.0,"gold_gain":0.0,"event_name":"MindBloom","player_choice":"Fight","floor":36.0,"gold_loss":0.0,"damage_taken":0.0},{"damage_healed":0.0,"max_hp_gain":0.0,"max_hp_loss":0.0,"gold_gain":100.0,"event_name":"Golden Shrine","player_choice":"Pray","floor":38.0,"gold_loss":0.0,"damage_taken":0.0}],"is_beta":false,"boss_relics":[{"not_picked":["Ectoplasm","Coffee Dripper"],"picked":"Pandora\u0027s Box"},{"not_picked":["Sozu","Runic Pyramid"],"picked":"Empty Cage"}],"items_purged_floors":[20,45],"is_endless":false,"potions_floor_spawned":[2,4,11,12,16,21,22,23,27,30,31,36,40,42,44],"ascension_level":2}