{"gold_per_floor":[112,187,201,216,196,196,223,223,247,274,287,287,298,312,312,410,410,429,448,157,192,203,203,257,295,295,295,340,265,137,171,171,290,340,398,434,468,295,295,349,349,402,402,452,135,135,135,172,172,192,192,192,44,71,91],"floor_reached":56,"playtime":5736,"items_purged":["Strike_P","Defend_P","Strike_P"],"score":1496,"play_id":"450881e0-184a-4152-9846-b6d567c58688","local_time":"20240414121942","is_ascension_mode":true,"campfire_choices":[{"data":"Eruption","floor":6.0,"key":"SMITH"},{"data":"CrushJoints","floor":8.0,"key":"SMITH"},{"data":"Pray","floor":12.0,"key":"SMITH"},{"floor":15.0,"key":"REST"},{"data":"Vault","floor":23.0,"key":"SMITH"},{"floor":27.0,"key":"REST"},{"floor":32.0,"key":"REST"},{"data":"MentalFortress","floor":41.0,"key":"SMITH"},{"floor":47.0,"key":"REST"},{"floor":49.0,"key":"RECALL"},{"data":"TalkToTheHand","floor":52.0,"key":"SMITH"}],"neow_cost":"NONE","seed_source_timestamp":0,"circlet_count":0,"master_deck":["Strike_P","Strike_P","Defend_P","Eruption+1","Vigilance","Pray+1","CrushJoints+1","Tantrum","EmptyFist","Evaluate","FlurryOfBlows","Vault+1","CutThroughFate+1","InnerPeace","ThirdEye","HandOfGreed","Protect+1","FearNoEvil+1","Pray+1","ConjureBlade","SashWhip+1","Wallop","Halt","MentalFortress+1","Madness","Madness","Prostrate","TalkToTheHand+1","Adaptation+1","TalkToTheHand","Adaptation+1"],"special_seed":0,"relics":["PureWater","NeowsBlessing","Centennial Puzzle","Potion Belt","Runic Pyramid","Shuriken","Bottled Lightning","Nunchaku","Happy Flower","Tiny House","Frozen Egg 2","Peace Pipe","Letter Opener","Omamori","Frozen Eye","Bronze Scales"],"potions_floor_usage":[55,55,55],"damage_taken":[{"damage":0.0,"enemies":"2 Louse","floor":1.0,"turns":2.0},{"damage":0.0,"enemies":"Cultist","floor":3.0,"turns":1.0},{"damage":0.0,"enemies":"Jaw Worm","floor":4.0,"turns":1.0},{"damage":34.0,"enemies":"3 Sentries","floor":7.0,"turns":14.0},{"damage":10.0,"enemies":"Lagavulin","floor":10.0,"turns":5.0},{"damage":3.0,"enemies":"Exordium Thugs","floor":11.0,"turns":4.0},{"damage":0.0,"enemies":"Blue Slaver","floor":13.0,"turns":1.0},{"damage":3.0,"enemies":"3 Louse","floor":14.0,"turns":3.0},{"damage":0.0,"enemies":"Slime Boss","floor":16.0,"turns":4.0},{"damage":1.0,"enemies":"Spheric Guardian","floor":18.0,"turns":4.0},{"damage":0.0,"enemies":"Chosen","floor":19.0,"turns":4.0},{"damage":18.0,"enemies":"Shelled Parasite and Fungi","floor":21.0,"turns":4.0},{"damage":0.0,"enemies":"Snecko","floor":22.0,"turns":4.0},{"damage":4.0,"enemies":"Book of Stabbing","floor":24.0,"turns":4.0},{"damage":6.0,"enemies":"Snake Plant","floor":25.0,"turns":3.0},{"damage":23.0,"enemies":"Slavers","floor":28.0,"turns":4.0},{"damage":0.0,"enemies":"Sentry and Sphere","floor":31.0,"turns":4.0},{"damage":4.0,"enemies":"Collector","floor":33.0,"turns":8.0},{"damage":0.0,"enemies":"3 Shapes","floor":35.0,"turns":7.0},{"damage":0.0,"enemies":"Orb Walker","floor":36.0,"turns":3.0},{"damage":33.0,"enemies":"Sphere and 2 Shapes","floor":37.0,"turns":10.0},{"damage":0.0,"enemies":"Nemesis","floor":40.0,"turns":8.0},{"damage":7.0,"enemies":"Giant Head","floor":42.0,"turns":7.0},{"damage":0.0,"enemies":"Reptomancer","floor":44.0,"turns":5.0},{"damage":3.0,"enemies":"Writhing Mass","floor":48.0,"turns":7.0},{"damage":5.0,"enemies":"Time Eater","floor":50.0,"turns":8.0},{"damage":2.0,"enemies":"Shield and Spear","floor":54.0,"turns":4.0},{"damage":32,"enemies":"The Heart","floor":55,"turns":9}],"seed_played":"3200091634811729961","potions_obtained":[{"floor":1.0,"key":"Energy Potion"},{"floor":3.0,"key":"FearPotion"},{"floor":5.0,"key":"DuplicationPotion"},{"floor":7.0,"key":"Swift Potion"},{"floor":10.0,"key":"Swift Potion"},{"floor":18.0,"key":"Dexterity Potion"},{"floor":22.0,"key":"Weak Potion"},{"floor":24.0,"key":"FearPotion"},{"floor":31.0,"key":"Dexterity Potion"},{"floor":34.0,"key":"Block Potion"},{"floor":36.0,"key":"SpeedPotion"},{"floor":40.0,"key":"Dexterity Potion"},{"floor":44.0,"key":"BottledMiracle"}],"is_trial":false,"path_per_floor":["M","?","M","M","?","R","E","R","T","E","M","R","M","M","R","B",null,"M","M","$","M","M","R","E","M","T","R","E","?","?","M","R","B",null,"M","M","M","$","?","E","R","E","T","E","$","?","R","M","R","B",null,"R","$","E","B",null],"character_chosen":"WATCHER","items_purchased":["ThirdEye","HandOfGreed","MentalFortress","TalkToTheHand","Frozen Eye","Adaptation+1","TalkToTheHand"],"campfire_rested":4,"item_purchase_floors":[20,20,38,45,45,53,53],"current_hp_per_floor":[72,65,65,65,65,65,31,31,31,21,18,18,18,15,36,36,72,71,71,71,53,53,53,49,43,43,64,41,41,41,41,62,58,77,77,77,44,44,34,34,34,27,27,27,27,27,50,47,47,42,77,77,77,75,43],"gold":91,"neow_bonus":"THREE_ENEMY_KILL","is_prod":false,"is_daily":false,"chose_seed":false,"campfire_upgraded":6,"win_rate":0,"timestamp":1713122382,"path_taken":["M","?","M","?","?","R","E","R","T","E","M","R","?","M","R","BOSS","M","M","$","M","M","R","E","M","T","R","E","?","?","?","R","BOSS","M","?","M","$","?","E","R","E","T","E","$","?","R","M","R","BOSS","R","$","E","BOSS"],"build_version":"2022-12-18","purchased_purges":3,"victory":true,"max_hp_per_floor":[72,72,72,72,72,72,72,72,72,72,72,72,72,72,72,72,72,72,72,72,72,72,72,72,72,72,72,72,72,72,72,72,72,77,77,77,77,77,77,77,77,77,77,77,77,77,77,77,77,77,77,77,77,77,77],"card_choices":[{"not_picked":["WaveOfTheHand","JustLucky","Weave"],"picked":"SKIP","floor":1.0},{"not_picked":["Evaluate","Sanctity"],"picked":"Pray","floor":3.0},{"not_picked":["Crescendo","Sanctity"],"picked":"CrushJoints","floor":4.0},{"not_picked":["Crescendo","Sanctity"],"picked":"Tantrum","floor":7.0},{"not_picked":["JustLucky","Evaluate"],"picked":"EmptyFist","floor":10.0},{"not_picked":["Crescendo","Vengeance"],"picked":"Evaluate","floor":11.0},{"not_picked":["CrushJoints","LikeWater","SashWhip"],"picked":"SKIP","floor":13.0},{"not_picked":["EmptyFist","DeusExMachina"],"picked":"FlurryOfBlows","floor":14.0},{"not_picked":["LessonLearned","Ragnarok"],"picked":"Vault","floor":16.0},{"not_picked":["WindmillStrike","SandsOfTime+1"],"picked":"CutThroughFate+1","floor":18.0},{"not_picked":["Vengeance","WaveOfTheHand+1"],"picked":"InnerPeace","floor":19.0},{"not_picked":["FlurryOfBlows+1","WindmillStrike"],"picked":"Protect+1","floor":21.0},{"not_picked":["CrushJoints+1","BowlingBash"],"picked":"FearNoEvil","floor":22.0},{"not_picked":["Omniscience","SandsOfTime+1"],"picked":"Pray+1","floor":24.0},{"not_picked":["Crescendo","Consecrate","ClearTheMind"],"picked":"SKIP","floor":25.0},{"not_picked":["SignatureMove","Crescendo","Judgement"],"picked":"SKIP","floor":28.0},{"not_picked":["PathToVictory+1","ForeignInfluence","FlurryOfBlows+1"],"picked":"SKIP","floor":31.0},{"not_picked":["Wish","DevaForm"],"picked":"ConjureBlade","floor":33.0},{"not_picked":["BattleHymn","Consecrate"],"picked":"SashWhip+1","floor":34.0},{"not_picked":["FlurryOfBlows+1","Vengeance"],"picked":"Wallop","floor":35.0},{"not_picked":["Evaluate+1","FlurryOfBlows+1","Brilliance"],"picked":"SKIP","floor":36.0},{"not_picked":["FlurryOfBlows","CutThroughFate+1"],"picked":"Halt","floor":37.0},{"not_picked":["Scrawl","FlurryOfBlows+1","EmptyBody"],"picked":"SKIP","floor":40.0},{"not_picked":["CutThroughFate","Consecrate+1"],"picked":"Prostrate","floor":42.0},{"not_picked":["Ragnarok","Protect","Tantrum"],"picked":"SKIP","floor":44.0},{"not_picked":["FollowUp+1","SashWhip+1","ThirdEye+1"],"picked":"SKIP","floor":48.0},{"not_picked":["Prostrate","WaveOfTheHand"],"picked":"Adaptation+1","floor":54.0}],"player_experience":1090124,"relics_obtained":[{"floor":7.0,"key":"Centennial Puzzle"},{"floor":10.0,"key":"Potion Belt"},{"floor":24.0,"key":"Shuriken"},{"floor":26.0,"key":"Bottled Lightning"},{"floor":28.0,"key":"Nunchaku"},{"floor":40.0,"key":"Frozen Egg 2"},{"floor":42.0,"key":"Peace Pipe"},{"floor":43.0,"key":"Letter Opener"},{"floor":44.0,"key":"Omamori"},{"floor":54.0,"key":"Bronze Scales"}],"event_choices":[{"damage_healed":0.0,"max_hp_gain":0.0,"max_hp_loss":0.0,"gold_gain":75.0,"event_name":"FaceTrader","player_choice":"Touch","floor":2.0,"gold_loss":0.0,"damage_taken":7.0},{"damage_healed":0.0,"max_hp_gain":0.0,"max_hp_loss":0.0,"gold_gain":0.0,"event_name":"The Woman in Blue","player_choice":"Bought 1 Potion","floor":5.0,"gold_loss":0.0,"damage_taken":0.0},{"cards_removed":["Defend_P"],"damage_healed":0.0,"max_hp_gain":0.0,"max_hp_loss":0.0,"gold_gain":0.0,"event_name":"Beggar","player_choice":"Gave Gold","floor":29.0,"gold_loss":75.0,"damage_taken":0.0},{"damage_healed":0.0,"max_hp_gain":0.0,"max_hp_loss":0.0,"gold_gain":0.0,"event_name":"WeMeetAgain","player_choice":"Paid Gold","floor":30.0,"gold_loss":128.0,"damage_taken":0.0,"relics_obtained":["Happy Flower"]},{"damage_healed":0.0,"max_hp_gain":0.0,"max_hp_loss":0.0,"gold_gain":0.0,"event_name":"Winding Halls","player_choice":"Embrace Madness","floor":39.0,"gold_loss":0.0,"damage_taken":10.0,"cards_obtained":["Madness","Madness"]},{"cards_removed":["Defend_P"],"damage_healed":0.0,"max_hp_gain":0.0,"max_hp_loss":0.0,"gold_gain":0.0,"event_name":"Falling","player_choice":"Removed Skill","floor":46.0,"gold_loss":0.0,"damage_taken":0.0}],"is_beta":false,"boss_relics":[{"not_picked":["Coffee Dripper","Philosopher\u0027s Stone"],"picked":"Runic Pyramid"},{"not_picked":["Pandora\u0027s Box","Runic Dome"],"picked":"Tiny House"}],"items_purged_floors":[20,38,45],"is_endless":false,"potions_floor_spawned":[1,3,7,10,18,22,24,31,36,40,44,48],"ascension_level":3}