{"gold_per_floor":[113,127,127,140,156,188,203,229,229,247,30,30,46,74,74,176,176,194,204,204,204,221,254,254,267,267,293,312,312,411,444,444,549,549,568,568,296,314,314,342,358,358,385,417,429,429,34,84,84,84,84,84,84,111,111],"floor_reached":55,"playtime":5274,"items_purged":["Decay"],"score":899,"play_id":"53fbbcb7-a60d-4a86-813c-7fa4c4bbade5","local_time":"20240514220627","is_ascension_mode":true,"campfire_choices":[{"floor":12.0,"key":"REST"},{"data":"Eruption","floor":15.0,"key":"SMITH"},{"floor":24.0,"key":"REST"},{"floor":32.0,"key":"REST"},{"data":"Strike_P","floor":42.0,"key":"PURGE"},{"floor":46.0,"key":"REST"},{"floor":49.0,"key":"RECALL"},{"data":"Defend_P","floor":52,"key":"PURGE"}],"neow_cost":"PERCENT_DAMAGE","seed_source_timestamp":0,"circlet_count":0,"master_deck":["Strike_P+1","Strike_P+1","Strike_P+1","Defend_P","Eruption+1","Vigilance+1","MentalFortress+1","Prostrate","Crescendo","Adaptation","SandsOfTime+1","BattleHymn+1","Prostrate","Meditate","ThirdEye","Vault+1","LessonLearned","EmptyBody+1","Prostrate+1","Necronomicurse","Establishment","FlurryOfBlows","MentalFortress+1","Evaluate","Protect","Wireheading","TalkToTheHand","FearNoEvil","Omniscience"],"special_seed":0,"relics":["PureWater","Regal Pillow","Bag of Preparation","Shuriken","Medical Kit","Whetstone","Fusion Hammer","Necronomicon","WingedGreaves","Peace Pipe","Bottled Tornado","Darkstone Periapt","SlaversCollar","Lantern","Orichalcum","Du-Vu Doll","Kunai","CaptainsWheel","Gremlin Horn"],"potions_floor_usage":[55,55,55],"damage_taken":[{"damage":0.0,"enemies":"Jaw Worm","floor":1.0,"turns":2.0},{"damage":0.0,"enemies":"Cultist","floor":2.0,"turns":2.0},{"damage":0.0,"enemies":"Small Slimes","floor":4.0,"turns":2.0},{"damage":0.0,"enemies":"Exordium Wildlife","floor":5.0,"turns":3.0},{"damage":11.0,"enemies":"Lagavulin","floor":6.0,"turns":6.0},{"damage":0.0,"enemies":"Looter","floor":7.0,"turns":2.0},{"damage":21.0,"enemies":"Gremlin Nob","floor":8.0,"turns":4.0},{"damage":5.0,"enemies":"3 Louse","floor":10.0,"turns":3.0},{"damage":6.0,"enemies":"Exordium Wildlife","floor":13.0,"turns":4.0},{"damage":11.0,"enemies":"Lagavulin","floor":14.0,"turns":5.0},{"damage":8.0,"enemies":"The Guardian","floor":16.0,"turns":6.0},{"damage":19.0,"enemies":"2 Thieves","floor":18.0,"turns":4.0},{"damage":0.0,"enemies":"Shell Parasite","floor":19.0,"turns":5.0},{"damage":0.0,"enemies":"Snecko","floor":22.0,"turns":3.0},{"damage":31.0,"enemies":"Slavers","floor":23.0,"turns":5.0},{"damage":0.0,"enemies":"Cultist and Chosen","floor":25.0,"turns":5.0},{"damage":8.0,"enemies":"Book of Stabbing","floor":27.0,"turns":5.0},{"damage":0.0,"enemies":"Sentry and Sphere","floor":28.0,"turns":3.0},{"damage":31.0,"enemies":"Slavers","floor":31.0,"turns":7.0},{"damage":3.0,"enemies":"Champ","floor":33.0,"turns":6.0},{"damage":35.0,"enemies":"3 Shapes","floor":35.0,"turns":5.0},{"damage":2.0,"enemies":"3 Darklings","floor":38.0,"turns":6.0},{"damage":3.0,"enemies":"Giant Head","floor":40.0,"turns":6.0},{"damage":0.0,"enemies":"Sphere and 2 Shapes","floor":41.0,"turns":6.0},{"damage":28.0,"enemies":"Reptomancer","floor":44.0,"turns":6.0},{"damage":1.0,"enemies":"Jaw Worm Horde","floor":45.0,"turns":5.0},{"damage":0.0,"enemies":"Mind Bloom Boss Battle","floor":48.0,"turns":9.0},{"damage":42,"enemies":"Time Eater","floor":50,"turns":11},{"damage":16,"enemies":"Shield and Spear","floor":54,"turns":6},{"damage":70,"enemies":"The Heart","floor":55,"turns":9}],"seed_played":"3725698112067121419","potions_obtained":[{"floor":3.0,"key":"Block Potion"},{"floor":3.0,"key":"SpeedPotion"},{"floor":3.0,"key":"BlessingOfTheForge"},{"floor":7.0,"key":"BottledMiracle"},{"floor":8.0,"key":"SneckoOil"},{"floor":10.0,"key":"Strength Potion"},{"floor":14.0,"key":"CultistPotion"},{"floor":23.0,"key":"FearPotion"},{"floor":25.0,"key":"BottledMiracle"},{"floor":33.0,"key":"FearPotion"},{"floor":41.0,"key":"Fire Potion"},{"floor":44.0,"key":"SpeedPotion"},{"floor":45.0,"key":"Regen Potion"},{"floor":48.0,"key":"Dexterity Potion"},{"floor":54,"key":"PowerPotion"}],"is_trial":false,"path_per_floor":["M","M","?","M","M","E","M","E","T","M","$","R","M","E","R","B",null,"M","M","?","T","M","E","R","M","T","E","M","?","?","E","R","B",null,"M","?","$","M","?","E","M","R","T","E","M","R","$","?","R","B",null,"R","$","E","B"],"character_chosen":"WATCHER","items_purchased":["Medical Kit","Meditate","MentalFortress","Evaluate","DistilledChaos","Kunai","TalkToTheHand","FearNoEvil"],"campfire_rested":4,"item_purchase_floors":[11,11,37,37,37,47,47,47],"current_hp_per_floor":[51,51,51,51,51,40,40,19,19,14,14,50,44,33,33,25,72,53,53,37,37,37,6,42,42,42,34,34,34,34,3,39,36,72,37,37,37,35,68,65,65,65,65,37,36,68,68,68,68,26,68,68,68,52,0],"gold":111,"neow_bonus":"REMOVE_TWO","is_prod":false,"is_daily":false,"chose_seed":false,"campfire_upgraded":1,"win_rate":0,"timestamp":1715749587,"path_taken":["M","M","?","M","M","E","M","E","T","M","$","R","?","E","R","BOSS","M","M","?","?","M","E","R","M","T","E","M","?","?","E","R","BOSS","M","?","$","M","?","E","M","R","T","E","?","R","$","?","R","BOSS","R","$","E","BOSS"],"build_version":"2022-12-18","purchased_purges":1,"victory":false,"max_hp_per_floor":[72,72,72,72,72,72,72,72,72,72,72,72,72,72,72,72,72,72,72,72,72,72,72,72,72,72,72,72,72,72,72,72,72,72,72,68,68,68,68,68,68,68,68,68,68,68,68,68,68,68,68,68,68,68,68],"card_choices":[{"not_picked":["BowlingBash","FlurryOfBlows"],"picked":"MentalFortress","floor":1.0},{"not_picked":["ThirdEye","InnerPeace"],"picked":"Prostrate","floor":2.0},{"not_picked":["JustLucky","Protect"],"picked":"Crescendo","floor":4.0},{"not_picked":["DeusExMachina","Tantrum"],"picked":"Adaptation","floor":5.0},{"not_picked":["Protect","Vengeance"],"picked":"SandsOfTime","floor":6.0},{"not_picked":["Nirvana","CarveReality"],"picked":"BattleHymn","floor":7.0},{"not_picked":["DeusExMachina","SashWhip"],"picked":"Prostrate","floor":8.0},{"not_picked":["FlyingSleeves","Study","Conclude"],"picked":"SKIP","floor":10.0},{"not_picked":["PathToVictory","CarveReality"],"picked":"ThirdEye","floor":13.0},{"not_picked":["JustLucky","CarveReality"],"picked":"Vault","floor":14.0},{"not_picked":["Omniscience","MasterReality"],"picked":"LessonLearned","floor":16.0},{"not_picked":["Prostrate+1","JustLucky"],"picked":"EmptyBody","floor":18.0},{"not_picked":["JustLucky+1","Crescendo"],"picked":"Prostrate+1","floor":19.0},{"not_picked":["Study","CrushJoints","Indignation"],"picked":"SKIP","floor":22.0},{"not_picked":["EmptyBody+1","Vengeance","BowlingBash"],"picked":"SKIP","floor":23.0},{"not_picked":["JustLucky","Brilliance","Vengeance+1"],"picked":"SKIP","floor":25.0},{"not_picked":["Pray","ConjureBlade"],"picked":"Perseverance","floor":27.0},{"not_picked":["ClearTheMind","ForeignInfluence","Evaluate"],"picked":"SKIP","floor":28.0},{"not_picked":["Collect","ThirdEye+1","Alpha"],"picked":"SKIP","floor":31.0},{"not_picked":["Vault","Brilliance"],"picked":"Establishment","floor":33.0},{"not_picked":["EmptyFist","BowlingBash+1"],"picked":"FlurryOfBlows","floor":35.0},{"not_picked":["Crescendo+1","Consecrate+1"],"picked":"Protect","floor":38.0},{"not_picked":["Omniscience","Sanctity","Weave"],"picked":"SKIP","floor":40.0},{"not_picked":["Omniscience","Sanctity","Weave"],"picked":"SKIP","floor":40.0},{"not_picked":["Prostrate+1","Protect+1","DeceiveReality"],"picked":"SKIP","floor":41.0},{"not_picked":["Prostrate+1","Protect+1","DeceiveReality"],"picked":"SKIP","floor":41.0},{"not_picked":["CrushJoints+1","Weave"],"picked":"Wireheading","floor":44.0},{"not_picked":["FollowUp","BowlingBash+1","Indignation"],"picked":"SKIP","floor":45.0},{"not_picked":["Weave","ClearTheMind+1"],"picked":"Omniscience","floor":54}],"player_experience":1110399,"relics_obtained":[{"floor":6.0,"key":"Regal Pillow"},{"floor":8.0,"key":"Bag of Preparation"},{"floor":9.0,"key":"Shuriken"},{"floor":14.0,"key":"Whetstone"},{"floor":20.0,"key":"Necronomicon"},{"floor":21.0,"key":"WingedGreaves"},{"floor":23.0,"key":"Peace Pipe"},{"floor":27.0,"key":"Bottled Tornado"},{"floor":31.0,"key":"Darkstone Periapt"},{"floor":40.0,"key":"Lantern"},{"floor":43.0,"key":"Orichalcum"},{"floor":44.0,"key":"Du-Vu Doll"},{"floor":48.0,"key":"CaptainsWheel"},{"floor":54,"key":"Gremlin Horn"}],"event_choices":[{"damage_healed":0.0,"max_hp_gain":0.0,"max_hp_loss":0.0,"gold_gain":0.0,"event_name":"Lab","player_choice":"Got Potions","floor":3.0,"gold_loss":0.0,"damage_taken":0.0},{"damage_healed":0.0,"max_hp_gain":0.0,"max_hp_loss":0.0,"gold_gain":0.0,"event_name":"Cursed Tome","player_choice":"Obtained Book","floor":20.0,"gold_loss":0.0,"damage_taken":16.0},{"damage_healed":0.0,"max_hp_gain":0.0,"max_hp_loss":0.0,"gold_gain":0.0,"event_name":"Forgotten Altar","player_choice":"Smashed Altar","floor":29.0,"gold_loss":0.0,"damage_taken":0.0,"cards_obtained":["Decay"]},{"damage_healed":0.0,"max_hp_gain":0.0,"max_hp_loss":0.0,"gold_gain":99.0,"event_name":"Nest","player_choice":"Stole From Cult","floor":30.0,"gold_loss":0.0,"damage_taken":0.0},{"damage_healed":0.0,"max_hp_gain":0.0,"max_hp_loss":4.0,"gold_gain":0.0,"event_name":"Winding Halls","player_choice":"Max HP","floor":36.0,"gold_loss":0.0,"damage_taken":0.0},{"cards_removed":["Perseverance"],"damage_healed":33.0,"max_hp_gain":0.0,"max_hp_loss":0.0,"gold_gain":0.0,"event_name":"Bonfire Elementals","player_choice":"Offered Uncommon","floor":39.0,"gold_loss":0.0,"damage_taken":0.0},{"damage_healed":0.0,"max_hp_gain":0.0,"max_hp_loss":0.0,"gold_gain":0.0,"event_name":"MindBloom","player_choice":"Fight","floor":48.0,"gold_loss":0.0,"damage_taken":0.0}],"is_beta":false,"boss_relics":[{"not_picked":["Sozu","Pandora\u0027s Box"],"picked":"Fusion Hammer"},{"not_picked":["Velvet Choker","Runic Pyramid"],"picked":"SlaversCollar"}],"items_purged_floors":[37],"is_endless":false,"potions_floor_spawned":[4,7,8,10,14,23,25,33,41,44,45,48,54],"killed_by":"The Heart","ascension_level":3}