{"gold_per_floor":[116,116,291,93,111,111,111,145,145,179,179,207,55,71,71,174,174,186,214,214,201,201,201,239,239,286,306,13,51,51,76,88,100],"floor_reached":33,"playtime":2496,"items_purged":["Strike_R"],"score":462,"play_id":"08b9e200-3d3b-4448-bd2d-110963e6ace0","local_time":"20230221002221","is_ascension_mode":true,"campfire_choices":[{"data":"Body Slam","floor":6.0,"key":"SMITH"},{"data":"Pommel Strike","floor":11.0,"key":"SMITH"},{"data":"True Grit","floor":15.0,"key":"SMITH"},{"floor":23.0,"key":"REST"},{"data":"Demon Form","floor":25.0,"key":"SMITH"},{"floor":32.0,"key":"REST"}],"neow_cost":"NONE","seed_source_timestamp":0,"circlet_count":0,"master_deck":["Strike_R","Strike_R","Strike_R","Strike_R","Defend_R","Defend_R","Defend_R","Defend_R","Bash","Pommel Strike+1","Body Slam+1","Shrug It Off","Warcry","Juggernaut","True Grit+1","Warcry","Demon Form+1","Heavy Blade","J.A.X.","Cleave","Sword Boomerang","Dual Wield","Body Slam+1"],"special_seed":0,"relics":["Burning Blood","NeowsBlessing","Kunai","Tiny Chest","Mercury Hourglass","WingedGreaves","Mango","Odd Mushroom","Frozen Eye","Philosopher\u0027s Stone","Red Mask","Eternal Feather","CeramicFish","Ancient Tea Set","Brimstone","Darkstone Periapt","MawBank"],"potions_floor_usage":[],"damage_taken":[{"damage":0.0,"enemies":"Jaw Worm","floor":1.0,"turns":1.0},{"damage":0.0,"enemies":"Small Slimes","floor":5.0,"turns":1.0},{"damage":0.0,"enemies":"Lagavulin","floor":8.0,"turns":1.0},{"damage":42.0,"enemies":"Gremlin Nob","floor":10.0,"turns":5.0},{"damage":1.0,"enemies":"The Mushroom Lair","floor":12.0,"turns":4.0},{"damage":0.0,"enemies":"2 Louse","floor":14.0,"turns":2.0},{"damage":13.0,"enemies":"The Guardian","floor":16.0,"turns":10.0},{"damage":4.0,"enemies":"Shell Parasite","floor":18.0,"turns":5.0},{"damage":45.0,"enemies":"Masked Bandits","floor":19.0,"turns":6.0},{"damage":7.0,"enemies":"2 Thieves","floor":21.0,"turns":4.0},{"damage":24.0,"enemies":"Gremlin Leader","floor":24.0,"turns":6.0},{"damage":11.0,"enemies":"Cultist and Chosen","floor":27.0,"turns":7.0},{"damage":33.0,"enemies":"Slavers","floor":29.0,"turns":4.0},{"damage":83,"enemies":"Collector","floor":33,"turns":6}],"seed_played":"1465140629714336262","potions_obtained":[{"floor":5.0,"key":"EssenceOfSteel"},{"floor":10.0,"key":"AttackPotion"},{"floor":14.0,"key":"SteroidPotion"},{"floor":19.0,"key":"Dexterity Potion"},{"floor":21.0,"key":"LiquidMemories"},{"floor":27.0,"key":"Swift Potion"}],"is_trial":false,"path_per_floor":["M","?","?","$","M","R","?","E","T","E","R","?","$","M","R","B",null,"M","?","T","M","?","R","E","R","T","M","$","E","?","T","R","B"],"character_chosen":"IRONCLAD","items_purchased":["Body Slam","Tiny Chest","Frozen Eye","Brimstone","Dual Wield"],"campfire_rested":2,"item_purchase_floors":[4,4,13,28,28],"current_hp_per_floor":[78,66,66,66,72,72,65,71,71,49,49,54,54,60,60,53,84,86,47,47,46,46,86,68,80,80,75,75,48,29,29,70,0],"gold":100,"neow_bonus":"THREE_ENEMY_KILL","is_prod":false,"is_daily":false,"chose_seed":false,"campfire_upgraded":4,"win_rate":0,"timestamp":1676967741,"path_taken":["M","?","?","$","M","R","?","E","T","E","R","?","$","M","R","BOSS","M","?","?","?","?","R","E","R","T","M","$","E","?","?","R","BOSS"],"build_version":"2022-12-18","purchased_purges":1,"victory":false,"max_hp_per_floor":[80,80,80,80,80,80,80,80,80,94,94,94,94,94,94,94,94,94,94,94,94,94,94,94,94,94,94,94,94,99,99,99,99],"card_choices":[{"not_picked":["Flex","Body Slam"],"picked":"Pommel Strike","floor":1.0},{"not_picked":["Headbutt","Anger"],"picked":"Shrug It Off","floor":5.0},{"not_picked":["Clothesline","Dropkick","Warcry"],"picked":"SKIP","floor":8.0},{"not_picked":["Clothesline","Dropkick"],"picked":"Warcry","floor":8.0},{"not_picked":["Sword Boomerang","Intimidate"],"picked":"Juggernaut","floor":10.0},{"not_picked":["Headbutt","Shrug It Off"],"picked":"True Grit","floor":12.0},{"not_picked":["Flex","Sentinel"],"picked":"Warcry","floor":14.0},{"not_picked":["Impervious","Corruption"],"picked":"Demon Form","floor":16.0},{"not_picked":["Cleave","Warcry","True Grit"],"picked":"SKIP","floor":18.0},{"not_picked":["True Grit+1","Body Slam"],"picked":"Heavy Blade","floor":19.0},{"not_picked":["Perfected Strike","Anger","Dropkick+1"],"picked":"SKIP","floor":21.0},{"not_picked":["Body Slam","Flex"],"picked":"Cleave","floor":24.0},{"not_picked":["Iron Wave","Reckless Charge"],"picked":"Sword Boomerang","floor":27.0},{"not_picked":["Sever Soul","Thunderclap+1"],"picked":"Body Slam+1","floor":29.0}],"player_experience":584351,"relics_obtained":[{"floor":8.0,"key":"Mercury Hourglass"},{"floor":9.0,"key":"WingedGreaves"},{"floor":10.0,"key":"Mango"},{"floor":12.0,"key":"Odd Mushroom"},{"floor":19.0,"key":"Red Mask"},{"floor":20.0,"key":"Eternal Feather"},{"floor":24.0,"key":"CeramicFish"},{"floor":26.0,"key":"Ancient Tea Set"},{"floor":29.0,"key":"Darkstone Periapt"},{"floor":31.0,"key":"MawBank"}],"event_choices":[{"damage_healed":0.0,"max_hp_gain":0.0,"max_hp_loss":0.0,"gold_gain":0.0,"event_name":"Scrap Ooze","player_choice":"Success","floor":2.0,"gold_loss":0.0,"damage_taken":12.0,"relics_obtained":["Kunai"]},{"damage_healed":0.0,"max_hp_gain":0.0,"max_hp_loss":0.0,"gold_gain":175.0,"event_name":"Liars Game","player_choice":"AGREE","floor":3.0,"gold_loss":0.0,"damage_taken":0.0,"cards_obtained":["Doubt"]},{"cards_removed":["Doubt"],"damage_healed":0.0,"max_hp_gain":0.0,"max_hp_loss":0.0,"gold_gain":0.0,"event_name":"Golden Wing","player_choice":"Card Removal","floor":7.0,"gold_loss":0.0,"damage_taken":7.0},{"damage_healed":0.0,"max_hp_gain":0.0,"max_hp_loss":0.0,"gold_gain":0.0,"event_name":"Mushrooms","player_choice":"Fought Mushrooms","floor":12.0,"gold_loss":0.0,"damage_taken":0.0},{"damage_healed":0.0,"max_hp_gain":0.0,"max_hp_loss":0.0,"gold_gain":0.0,"event_name":"Masked Bandits","player_choice":"Fought Bandits","floor":19.0,"gold_loss":0.0,"damage_taken":0.0},{"damage_healed":0.0,"max_hp_gain":0.0,"max_hp_loss":0.0,"gold_gain":0.0,"event_name":"Drug Dealer","player_choice":"Obtain J.A.X.","floor":22.0,"gold_loss":0.0,"damage_taken":0.0,"cards_obtained":["J.A.X."]},{"damage_healed":0.0,"max_hp_gain":5.0,"max_hp_loss":0.0,"gold_gain":0.0,"event_name":"Forgotten Altar","player_choice":"Shed Blood","floor":30.0,"gold_loss":0.0,"damage_taken":24.0}],"is_beta":false,"boss_relics":[{"not_picked":["Calling Bell","Black Blood"],"picked":"Philosopher\u0027s Stone"}],"items_purged_floors":[28],"is_endless":false,"potions_floor_spawned":[5,10,14,19,21,27],"killed_by":"Collector","ascension_level":8}