{"gold_per_floor":[366,366,376,185,197,230,85,35,61,61,76,76,89,102,102,228,228,242,242,242,342,361,395,395,431,457,481,16,39,53,77,77,198,198,222,222,285,285,285,285,300,300,300,314,98,121,22,46,46,46],"floor_reached":51,"playtime":4110,"items_purged":["Defend_R","True Grit","Normality","Doubt"],"score":920,"play_id":"9dad2aff-a599-449f-8b99-e1339dffb4ba","local_time":"20230221013621","is_ascension_mode":true,"campfire_choices":[{"floor":12.0,"key":"REST"},{"data":"Armaments","floor":15.0,"key":"SMITH"},{"floor":24.0,"key":"REST"},{"floor":32,"key":"REST"},{"data":"Disarm","floor":40,"key":"SMITH"},{"data":"Limit Break","floor":42,"key":"SMITH"},{"floor":49,"key":"REST"}],"neow_cost":"PERCENT_DAMAGE","seed_source_timestamp":329941918392700,"circlet_count":0,"master_deck":["Strike_R+1","Strike_R+1","Strike_R+1","Defend_R+1","Defend_R+1","Defend_R+1","Bash","Iron Wave","Shrug It Off","Uppercut","Armaments+1","Feel No Pain","Sword Boomerang","Disarm+1","Limit Break+1","Inflame","Twin Strike","Seeing Red+1","Spot Weakness","Rampage+1","Shrug It Off+1","Reaper+1","Battle Trance+1","Bloodletting","Body Slam+1","Clothesline+1","Shrug It Off"],"special_seed":0,"relics":["Burning Blood","Vajra","ClockworkSouvenir","Akabeko","Golden Idol","Sozu","Nilry\u0027s Codex","Nunchaku","Molten Egg 2","Tiny Chest","MealTicket","Sling","Cursed Key","Unceasing Top","Anchor","Peace Pipe","Art of War","Membership Card"],"potions_floor_usage":[],"damage_taken":[{"damage":7.0,"enemies":"Jaw Worm","floor":1.0,"turns":5.0},{"damage":1.0,"enemies":"Cultist","floor":3.0,"turns":4.0},{"damage":2.0,"enemies":"2 Louse","floor":5.0,"turns":3.0},{"damage":23.0,"enemies":"Lagavulin","floor":6.0,"turns":12.0},{"damage":0.0,"enemies":"2 Fungi Beasts","floor":11.0,"turns":4.0},{"damage":0.0,"enemies":"3 Louse","floor":13.0,"turns":4.0},{"damage":0.0,"enemies":"Large Slime","floor":14.0,"turns":4.0},{"damage":4.0,"enemies":"The Guardian","floor":16.0,"turns":11.0},{"damage":2.0,"enemies":"Chosen","floor":18.0,"turns":5.0},{"damage":6.0,"enemies":"2 Thieves","floor":22.0,"turns":3.0},{"damage":22.0,"enemies":"Book of Stabbing","floor":23.0,"turns":9.0},{"damage":18.0,"enemies":"Slavers","floor":25.0,"turns":4.0},{"damage":7.0,"enemies":"3 Cultists","floor":27.0,"turns":7.0},{"damage":10,"enemies":"Cultist and Chosen","floor":29,"turns":5},{"damage":19,"enemies":"Sentry and Sphere","floor":30,"turns":5},{"damage":0,"enemies":"Snake Plant","floor":31,"turns":3},{"damage":58,"enemies":"Collector","floor":33,"turns":8},{"damage":13,"enemies":"Orb Walker","floor":35,"turns":4},{"damage":6,"enemies":"Mind Bloom Boss Battle","floor":37,"turns":7},{"damage":15,"enemies":"3 Darklings","floor":41,"turns":6},{"damage":6,"enemies":"Sphere and 2 Shapes","floor":44,"turns":4},{"damage":20,"enemies":"Spire Growth","floor":46,"turns":4},{"damage":34,"enemies":"Transient","floor":48,"turns":5},{"damage":64,"enemies":"Awakened One","floor":50,"turns":12}],"seed_played":"8752991711548131112","potions_obtained":[{"floor":1.0,"key":"Strength Potion"},{"floor":3.0,"key":"Weak Potion"},{"floor":14.0,"key":"DuplicationPotion"}],"is_trial":false,"path_per_floor":["M","?","M","$","M","E","$","?","T","?","M","R","M","M","R","B",null,"M","?","?","?","M","E","R","E","T","M","$","M","M","M","R","B",null,"M","?","?","?","T","R","M","R","T","M","$","M","$","M","R","B",null],"character_chosen":"IRONCLAD","items_purchased":["Shrug It Off","Uppercut","ClockworkSouvenir","Rampage+1","MealTicket","Sling","Membership Card","Shrug It Off"],"campfire_rested":4,"item_purchase_floors":[4,4,7,28,28,28,45,47],"current_hp_per_floor":[50,50,55,55,59,42,42,42,42,42,48,70,74,74,74,74,74,74,74,58,58,58,42,64,52,52,51,51,47,34,40,62,10,58,59,59,74,74,74,74,74,74,74,74,74,60,74,46,68,21],"gold":46,"neow_bonus":"TWO_FIFTY_GOLD","is_prod":false,"is_daily":false,"chose_seed":false,"campfire_upgraded":3,"win_rate":0,"timestamp":1676972181,"path_taken":["M","?","M","$","?","E","$","?","T","?","M","R","M","M","R","BOSS","M","?","?","?","?","E","R","E","T","M","$","M","M","M","R","BOSS","M","?","?","?","?","R","M","R","T","M","$","M","$","M","R","BOSS"],"build_version":"2022-12-18","purchased_purges":4,"victory":true,"max_hp_per_floor":[80,80,80,80,80,80,80,80,80,74,74,74,74,74,74,74,74,74,74,74,74,74,74,74,74,74,74,74,74,74,74,74,74,74,74,74,74,74,74,74,74,74,74,74,74,74,74,74,74,74],"card_choices":[{"not_picked":["Evolve","Sentinel"],"picked":"True Grit","floor":1.0},{"not_picked":["Infernal Blade","Thunderclap"],"picked":"Iron Wave","floor":3.0},{"not_picked":["Wild Strike","Infernal Blade"],"picked":"Armaments","floor":5.0},{"not_picked":["Corruption","Evolve","Havoc"],"picked":"SKIP","floor":6.0},{"not_picked":["Corruption","Evolve","Havoc"],"picked":"SKIP","floor":6.0},{"not_picked":["Twin Strike","Uppercut"],"picked":"Feel No Pain","floor":11.0},{"not_picked":["Havoc","Heavy Blade"],"picked":"Sword Boomerang","floor":13.0},{"not_picked":["Burning Pact","Clothesline"],"picked":"Disarm","floor":14.0},{"not_picked":["Double Tap","Offering"],"picked":"Limit Break","floor":16.0},{"not_picked":["Armaments","Sentinel"],"picked":"Inflame","floor":18.0},{"not_picked":["Havoc","Clash+1"],"picked":"Twin Strike","floor":22.0},{"not_picked":["Reckless Charge","Inflame","Searing Blow+1"],"picked":"SKIP","floor":23.0},{"not_picked":["Burning Pact+1","Rage"],"picked":"Seeing Red+1","floor":25.0},{"not_picked":["Heavy Blade+1","Shrug It Off"],"picked":"Spot Weakness","floor":27.0},{"not_picked":["Clash+1","Havoc","Sever Soul+1"],"picked":"SKIP","floor":29},{"not_picked":["Anger+1","Havoc+1"],"picked":"Shrug It Off+1","floor":30},{"not_picked":["Clash+1","Thunderclap+1","Hemokinesis+1"],"picked":"SKIP","floor":31},{"not_picked":["Barricade","Immolate+1"],"picked":"Reaper+1","floor":33},{"not_picked":["Sword Boomerang+1","Rupture"],"picked":"Battle Trance+1","floor":35},{"not_picked":["Mind Blast+1","Trip"],"picked":"Thinking Ahead","floor":36},{"not_picked":["Sword Boomerang+1","Sentinel+1"],"picked":"Bloodletting","floor":41},{"not_picked":["Thunderclap+1","Clothesline+1"],"picked":"Body Slam+1","floor":44},{"not_picked":["Body Slam+1","Sword Boomerang+1"],"picked":"Clothesline+1","floor":46},{"not_picked":["Shrug It Off","Inflame+1","Thunderclap+1"],"picked":"SKIP","floor":48}],"player_experience":586847,"relics_obtained":[{"floor":6.0,"key":"Vajra"},{"floor":9.0,"key":"Akabeko"},{"floor":20.0,"key":"Nilry\u0027s Codex"},{"floor":23.0,"key":"Nunchaku"},{"floor":25.0,"key":"Molten Egg 2"},{"floor":26.0,"key":"Tiny Chest"},{"floor":37,"key":"Unceasing Top"},{"floor":39,"key":"Peace Pipe"},{"floor":43,"key":"Art of War"}],"event_choices":[{"cards_removed":["Strike_R"],"damage_healed":0.0,"max_hp_gain":0.0,"max_hp_loss":0.0,"gold_gain":0.0,"event_name":"Purifier","player_choice":"Purged","floor":2.0,"gold_loss":0.0,"damage_taken":0.0},{"cards_removed":["Strike_R"],"damage_healed":0.0,"max_hp_gain":0.0,"max_hp_loss":0.0,"gold_gain":0.0,"event_name":"The Cleric","player_choice":"Card Removal","floor":8.0,"gold_loss":50.0,"damage_taken":0.0},{"damage_healed":0.0,"max_hp_gain":0.0,"max_hp_loss":6.0,"gold_gain":0.0,"event_name":"Golden Idol","player_choice":"Lose Max HP","floor":10.0,"gold_loss":0.0,"damage_taken":0.0,"relics_obtained":["Golden Idol"]},{"damage_healed":0.0,"max_hp_gain":0.0,"max_hp_loss":0.0,"gold_gain":0.0,"event_name":"Back to Basics","player_choice":"Simplicity","floor":19.0,"gold_loss":0.0,"damage_taken":0.0,"cards_upgraded":["Strike_R","Strike_R","Strike_R","Defend_R","Defend_R","Defend_R"]},{"damage_healed":0.0,"max_hp_gain":0.0,"max_hp_loss":0.0,"gold_gain":0.0,"event_name":"Cursed Tome","player_choice":"Obtained Book","floor":20.0,"gold_loss":0.0,"damage_taken":16.0},{"damage_healed":0.0,"max_hp_gain":0.0,"max_hp_loss":0.0,"gold_gain":100.0,"event_name":"Golden Shrine","player_choice":"Pray","floor":21.0,"gold_loss":0.0,"damage_taken":0.0},{"damage_healed":0,"gold_gain":0,"player_choice":"Memory 1","damage_taken":0,"max_hp_gain":0,"max_hp_loss":0,"event_name":"SensoryStone","floor":36,"gold_loss":0},{"damage_healed":0,"gold_gain":0,"player_choice":"Fight","damage_taken":0,"max_hp_gain":0,"max_hp_loss":0,"event_name":"MindBloom","floor":37,"gold_loss":0},{"cards_removed":["Thinking Ahead"],"damage_healed":0,"gold_gain":0,"player_choice":"Gave Card","damage_taken":0,"relics_obtained":["Anchor"],"max_hp_gain":0,"max_hp_loss":0,"event_name":"WeMeetAgain","floor":38,"gold_loss":0}],"is_beta":false,"boss_relics":[{"not_picked":["Runic Cube","Coffee Dripper"],"picked":"Sozu"},{"not_picked":["Black Blood","Snecko Eye"],"picked":"Cursed Key"}],"items_purged_floors":[4,28,45,47],"is_endless":false,"potions_floor_spawned":[1,3,14,22,25,27,33,37,48],"ascension_level":8}