{"gold_per_floor":[112,112,112,130,144,176,176,194,219,219,239,45,45,58,58,153,153,163,178,211,73,73,99,99,198,267,267,279,308,111,123,123,123],"floor_reached":33,"playtime":2914,"items_purged":["Strike_R","Strike_R","Strike_R+1"],"score":413,"play_id":"c1a33697-d8f8-42a4-a080-1dba65588757","local_time":"20230223110846","is_ascension_mode":true,"campfire_choices":[{"data":"True Grit","floor":7.0,"key":"SMITH"},{"data":"Wild Strike","floor":10.0,"key":"SMITH"},{"data":"Body Slam","floor":15.0,"key":"SMITH"},{"floor":24.0,"key":"REST"},{"floor":27.0,"key":"REST"},{"floor":32.0,"key":"REST"}],"neow_cost":"NONE","seed_source_timestamp":0,"circlet_count":0,"master_deck":["Strike_R+1","Strike_R+1","Defend_R+1","Defend_R+1","Defend_R+1","Defend_R+1","Bash","Wild Strike+1","Purity","Demon Form","Uppercut","True Grit+1","Shrug It Off","Fire Breathing","Body Slam+1","Immolate","Shrug It Off","Reaper","Armaments","Dual Wield","Headbutt+1","Entrench","Dark Embrace","Battle Trance"],"special_seed":0,"relics":["Burning Blood","Red Skull","War Paint","Anchor","Regal Pillow","Fusion Hammer","Red Mask","Ancient Tea Set","Sundial","Bird Faced Urn"],"potions_floor_usage":[],"damage_taken":[{"damage":5.0,"enemies":"Small Slimes","floor":1.0,"turns":4.0},{"damage":0.0,"enemies":"2 Louse","floor":4.0,"turns":3.0},{"damage":1.0,"enemies":"Cultist","floor":5.0,"turns":3.0},{"damage":40.0,"enemies":"3 Sentries","floor":6.0,"turns":11.0},{"damage":2.0,"enemies":"Red Slaver","floor":8.0,"turns":4.0},{"damage":0.0,"enemies":"Blue Slaver","floor":11.0,"turns":3.0},{"damage":0.0,"enemies":"3 Louse","floor":14.0,"turns":4.0},{"damage":45.0,"enemies":"Hexaghost","floor":16.0,"turns":11.0},{"damage":0.0,"enemies":"Chosen","floor":18.0,"turns":4.0},{"damage":0.0,"enemies":"3 Byrds","floor":19.0,"turns":6.0},{"damage":41.0,"enemies":"Masked Bandits","floor":20.0,"turns":4.0},{"damage":15.0,"enemies":"Book of Stabbing","floor":23.0,"turns":6.0},{"damage":2.0,"enemies":"Snecko","floor":28.0,"turns":3.0},{"damage":33.0,"enemies":"Slavers","floor":29.0,"turns":9.0},{"damage":0.0,"enemies":"Centurion and Healer","floor":31.0,"turns":8.0},{"damage":99,"enemies":"Champ","floor":33,"turns":12}],"seed_played":"-4518237598786882075","potions_obtained":[{"floor":6.0,"key":"Fruit Juice"},{"floor":8.0,"key":"ColorlessPotion"},{"floor":16.0,"key":"SpeedPotion"},{"floor":20.0,"key":"Weak Potion"},{"floor":23.0,"key":"SteroidPotion"}],"is_trial":false,"path_per_floor":["M","?","?","M","M","E","R","M","T","R","M","$","$","M","R","B",null,"M","M","?","$","?","E","R","?","T","R","M","E","$","M","R","B"],"character_chosen":"IRONCLAD","items_purchased":["Shrug It Off","Fire Breathing","Dual Wield","Dark Embrace"],"campfire_rested":3,"item_purchase_floors":[12,12,21,30],"current_hp_per_floor":[73,70,70,76,80,51,51,55,55,55,61,61,61,67,67,28,71,77,83,48,48,48,39,79,79,79,85,85,63,63,84,85,0],"gold":123,"neow_bonus":"RANDOM_COMMON_RELIC","is_prod":false,"is_daily":false,"chose_seed":false,"campfire_upgraded":3,"win_rate":0,"timestamp":1677179326,"path_taken":["M","?","?","M","M","E","R","M","T","R","?","?","$","M","R","BOSS","M","M","?","$","?","E","R","?","T","R","M","E","?","?","R","BOSS"],"build_version":"2022-12-18","purchased_purges":3,"victory":false,"max_hp_per_floor":[80,80,80,80,80,85,85,85,85,85,85,85,85,85,85,85,85,85,85,85,85,85,85,85,85,85,85,85,85,85,85,85,85],"card_choices":[{"not_picked":["Clash","Sword Boomerang"],"picked":"Wild Strike","floor":1.0},{"not_picked":["Wild Strike","Reckless Charge","Rage"],"picked":"SKIP","floor":4.0},{"not_picked":["Rage","Havoc"],"picked":"Uppercut","floor":5.0},{"not_picked":["Iron Wave","Ghostly Armor"],"picked":"True Grit","floor":6.0},{"not_picked":["Thunderclap","Iron Wave","Shockwave"],"picked":"SKIP","floor":8.0},{"not_picked":["Sentinel","True Grit","Havoc"],"picked":"SKIP","floor":11.0},{"not_picked":["Sentinel","Heavy Blade"],"picked":"Body Slam","floor":14.0},{"not_picked":["Brutality","Offering"],"picked":"Immolate","floor":16.0},{"not_picked":["Anger","Iron Wave"],"picked":"Shrug It Off","floor":18.0},{"not_picked":["Warcry","Inflame+1"],"picked":"Reaper","floor":19.0},{"not_picked":["Clash","Body Slam"],"picked":"Armaments","floor":20.0},{"not_picked":["Wild Strike","Pommel Strike"],"picked":"Headbutt+1","floor":23.0},{"not_picked":["Dropkick","Pommel Strike","Anger+1"],"picked":"SKIP","floor":28.0},{"not_picked":["Warcry+1","Anger+1"],"picked":"Entrench","floor":29.0},{"not_picked":["Sword Boomerang+1","Shockwave"],"picked":"Battle Trance","floor":31.0}],"player_experience":619385,"relics_obtained":[{"floor":6.0,"key":"Anchor"},{"floor":9.0,"key":"Regal Pillow"},{"floor":20.0,"key":"Red Mask"},{"floor":23.0,"key":"Ancient Tea Set"},{"floor":26.0,"key":"Sundial"},{"floor":29.0,"key":"Bird Faced Urn"}],"event_choices":[{"damage_healed":0.0,"max_hp_gain":0.0,"max_hp_loss":0.0,"gold_gain":0.0,"event_name":"Scrap Ooze","player_choice":"Success","floor":2.0,"gold_loss":0.0,"damage_taken":3.0,"relics_obtained":["War Paint"]},{"damage_healed":0.0,"max_hp_gain":0.0,"max_hp_loss":0.0,"gold_gain":0.0,"event_name":"Match and Keep!","player_choice":"2 cards matched","floor":3.0,"gold_loss":0.0,"damage_taken":0.0,"cards_obtained":["Purity","Demon Form"]},{"damage_healed":0.0,"max_hp_gain":0.0,"max_hp_loss":0.0,"gold_gain":0.0,"event_name":"Masked Bandits","player_choice":"Fought Bandits","floor":20.0,"gold_loss":0.0,"damage_taken":0.0},{"damage_healed":0.0,"max_hp_gain":0.0,"max_hp_loss":0.0,"gold_gain":0.0,"event_name":"Back to Basics","player_choice":"Simplicity","floor":22.0,"gold_loss":0.0,"damage_taken":0.0,"cards_upgraded":["Strike_R","Strike_R","Strike_R","Defend_R","Defend_R"]},{"damage_healed":0.0,"max_hp_gain":0.0,"max_hp_loss":0.0,"gold_gain":99.0,"event_name":"Nest","player_choice":"Stole From Cult","floor":25.0,"gold_loss":0.0,"damage_taken":0.0}],"is_beta":false,"boss_relics":[{"not_picked":["SacredBark","SlaversCollar"],"picked":"Fusion Hammer"}],"items_purged_floors":[12,21,30],"is_endless":false,"potions_floor_spawned":[6,8,16,20,23],"killed_by":"Champ","ascension_level":9}