{"gold_per_floor":[111,111,124,145,70,70,109,31,31,49,9,22,22,22,22,141,141,165,188,206,225,225,264,264,27,27,27,27,65,65,65,65,195,195,210,70,133,151,151,195,195,239,239,274,274,193,226,269,269,269],"floor_reached":51,"playtime":4721,"items_purged":["Pain","Defend_R"],"score":1441,"play_id":"ca171c04-3c79-49a9-867b-3799644683d3","local_time":"20230303154755","is_ascension_mode":true,"campfire_choices":[{"data":"Pommel Strike","floor":6.0,"key":"SMITH"},{"data":"True Grit","floor":13.0,"key":"SMITH"},{"floor":15.0,"key":"REST"},{"data":"Dark Embrace","floor":24.0,"key":"SMITH"},{"data":"Corruption","floor":27.0,"key":"SMITH"},{"data":"Feel No Pain","floor":32.0,"key":"SMITH"},{"data":"Disarm","floor":41,"key":"SMITH"},{"data":"Barricade","floor":45,"key":"SMITH"},{"data":"Juggernaut","floor":49,"key":"SMITH"}],"neow_cost":"CURSE","seed_source_timestamp":0,"circlet_count":0,"master_deck":["AscendersBane","Defend_R","Defend_R","Defend_R","Shrug It Off","Power Through","Pommel Strike+1","Disarm+1","Feed","Shrug It Off","Feel No Pain+1","True Grit+1","Corruption+1","CurseOfTheBell","Bloodletting+1","Blood for Blood+1","Evolve","Dark Embrace+1","Bite","Bite","Bite","Bite","Bite","Wild Strike","Exhume+1","Rupture","Juggernaut+1","Infernal Blade+1","Pummel","Fiend Fire","Body Slam+1","Armaments+1","Dual Wield+1","Shockwave+1","Battle Trance+1","Flex+1","Barricade+1","Deep Breath+1"],"special_seed":0,"relics":["Burning Blood","Dead Branch","Golden Idol","TungstenRod","Pocketwatch","Toy Ornithopter","Calling Bell","Anchor","Toxic Egg 2","Prayer Wheel","White Beast Statue","Mango","Ornamental Fan","Happy Flower","Mummified Hand","Runic Cube","WingedGreaves","Ancient Tea Set","Nunchaku","Pear","Letter Opener","Eternal Feather","Lizard Tail"],"potions_floor_usage":[50,50],"damage_taken":[{"damage":10.0,"enemies":"2 Louse","floor":1.0,"turns":3.0},{"damage":14.0,"enemies":"Small Slimes","floor":3.0,"turns":7.0},{"damage":13.0,"enemies":"Jaw Worm","floor":4.0,"turns":4.0},{"damage":27.0,"enemies":"Lagavulin","floor":7.0,"turns":13.0},{"damage":7.0,"enemies":"3 Louse","floor":10.0,"turns":5.0},{"damage":0.0,"enemies":"Looter","floor":12.0,"turns":4.0},{"damage":45.0,"enemies":"Slime Boss","floor":16.0,"turns":16.0},{"damage":5.0,"enemies":"3 Byrds","floor":18.0,"turns":5.0},{"damage":2.0,"enemies":"Shell Parasite","floor":19.0,"turns":11.0},{"damage":4.0,"enemies":"Snecko","floor":20.0,"turns":5.0},{"damage":11.0,"enemies":"Cultist and Chosen","floor":21.0,"turns":8.0},{"damage":16.0,"enemies":"Gremlin Leader","floor":23.0,"turns":8.0},{"damage":10.0,"enemies":"Slavers","floor":29.0,"turns":10.0},{"damage":28.0,"enemies":"Champ","floor":33.0,"turns":8.0},{"damage":22.0,"enemies":"3 Darklings","floor":35.0,"turns":4.0},{"damage":0.0,"enemies":"Mind Bloom Boss Battle","floor":37.0,"turns":5.0},{"damage":0.0,"enemies":"Orb Walker","floor":38.0,"turns":2.0},{"damage":1,"enemies":"Nemesis","floor":40,"turns":5},{"damage":2,"enemies":"Giant Head","floor":42,"turns":4},{"damage":0,"enemies":"Nemesis","floor":44,"turns":3},{"damage":0,"enemies":"Reptomancer","floor":47,"turns":3},{"damage":24,"enemies":"Nemesis","floor":48,"turns":9},{"damage":30,"enemies":"Time Eater","floor":50,"turns":6}],"seed_played":"807561125368006549","potions_obtained":[{"floor":3.0,"key":"Dexterity Potion"},{"floor":12.0,"key":"Ancient Potion"},{"floor":16.0,"key":"Dexterity Potion"},{"floor":21.0,"key":"Dexterity Potion"},{"floor":29.0,"key":"Dexterity Potion"},{"floor":33.0,"key":"BloodPotion"},{"floor":35.0,"key":"Dexterity Potion"},{"floor":37.0,"key":"Explosive Potion"},{"floor":38.0,"key":"SteroidPotion"},{"floor":44,"key":"GamblersBrew"},{"floor":47,"key":"Strength Potion"}],"is_trial":false,"path_per_floor":["M","?","M","M","$","R","E","$","T","M","$","M","R","?","R","B",null,"M","M","M","M","?","E","R","$","T","R","T","E","?","T","R","B",null,"M","$","?","M","?","E","R","E","T","E","R","$","E","E","R","B",null],"character_chosen":"IRONCLAD","items_purchased":["Feed","Feel No Pain","Exhume+1","Rupture","Dual Wield+1","Deep Breath+1"],"campfire_rested":1,"item_purchase_floors":[8,11,25,25,36,46],"current_hp_per_floor":[68,68,60,53,53,53,32,32,32,34,34,43,43,38,62,23,66,70,74,76,71,58,58,58,58,72,72,72,72,72,72,72,56,70,65,65,78,78,74,74,74,77,87,87,87,87,87,85,87,87],"gold":269,"neow_bonus":"ONE_RARE_RELIC","is_prod":false,"is_daily":false,"chose_seed":false,"campfire_upgraded":8,"win_rate":0,"timestamp":1677887275,"path_taken":["M","?","M","M","$","R","E","$","T","M","$","M","R","?","R","BOSS","M","M","M","M","?","E","R","$","T","R","?","E","?","?","R","BOSS","M","$","?","M","?","E","R","E","T","E","R","?","E","E","R","BOSS"],"build_version":"2022-12-18","purchased_purges":2,"victory":true,"max_hp_per_floor":[80,74,74,74,74,74,74,74,74,77,77,80,80,80,80,80,80,83,83,83,83,58,58,58,58,72,72,72,72,72,72,72,75,75,75,75,78,78,74,74,74,77,87,87,87,87,87,87,87,87],"card_choices":[{"not_picked":["Havoc","Pommel Strike"],"picked":"Shrug It Off","floor":1.0},{"not_picked":["Heavy Blade","Wild Strike"],"picked":"Power Through","floor":3.0},{"not_picked":["Ghostly Armor","Headbutt"],"picked":"Pommel Strike","floor":4.0},{"not_picked":["Dropkick","Clothesline"],"picked":"Disarm","floor":7.0},{"not_picked":["Carnage","Headbutt"],"picked":"Shrug It Off","floor":10.0},{"not_picked":["Power Through","Clash"],"picked":"True Grit","floor":12.0},{"not_picked":["Bludgeon","Reaper"],"picked":"Corruption","floor":16.0},{"not_picked":["Anger","Perfected Strike"],"picked":"Bloodletting+1","floor":18.0},{"not_picked":["Havoc+1","Warcry+1"],"picked":"Clothesline+1","floor":18.0},{"not_picked":["True Grit+1","Thunderclap"],"picked":"Blood for Blood+1","floor":19.0},{"not_picked":["Clash","Cleave+1","Twin Strike"],"picked":"SKIP","floor":19.0},{"not_picked":["Heavy Blade","Clothesline"],"picked":"Evolve","floor":20.0},{"not_picked":["Flex+1","Dropkick","Bloodletting+1"],"picked":"SKIP","floor":20.0},{"not_picked":["Bloodletting+1","Havoc+1"],"picked":"Dark Embrace","floor":21.0},{"not_picked":["Headbutt","Thunderclap","Sword Boomerang+1"],"picked":"SKIP","floor":21.0},{"not_picked":["Shrug It Off+1","Uppercut"],"picked":"Wild Strike","floor":23.0},{"not_picked":["Sword Boomerang+1","Pummel"],"picked":"Juggernaut","floor":29.0},{"not_picked":["Bludgeon","Limit Break+1"],"picked":"Fiend Fire","floor":33.0},{"not_picked":["Pommel Strike+1","Dark Embrace+1"],"picked":"Body Slam+1","floor":35.0},{"not_picked":["Rampage","Thunderclap+1"],"picked":"Armaments+1","floor":35.0},{"not_picked":["Sword Boomerang","Second Wind+1"],"picked":"Shockwave+1","floor":37.0},{"not_picked":["Blood for Blood","Armaments+1"],"picked":"Battle Trance+1","floor":38.0},{"not_picked":["Anger","Heavy Blade+1","Clash"],"picked":"SKIP","floor":38.0},{"not_picked":["Offering+1","Headbutt+1"],"picked":"Flex+1","floor":40},{"not_picked":["Sever Soul+1","True Grit+1"],"picked":"Barricade","floor":42},{"not_picked":["Bloodletting+1","Bludgeon","Heavy Blade"],"picked":"SKIP","floor":44},{"not_picked":["Intimidate+1","Evolve","Armaments+1"],"picked":"SKIP","floor":47},{"not_picked":["Havoc+1","Pommel Strike","Clash"],"picked":"SKIP","floor":48}],"player_experience":657474,"relics_obtained":[{"floor":7.0,"key":"TungstenRod"},{"floor":9.0,"key":"Pocketwatch"},{"floor":17.0,"key":"Anchor"},{"floor":17.0,"key":"Toxic Egg 2"},{"floor":17.0,"key":"Prayer Wheel"},{"floor":23.0,"key":"White Beast Statue"},{"floor":26.0,"key":"Mango"},{"floor":28.0,"key":"Ornamental Fan"},{"floor":29.0,"key":"Happy Flower"},{"floor":31.0,"key":"Mummified Hand"},{"floor":37.0,"key":"WingedGreaves"},{"floor":40,"key":"Ancient Tea Set"},{"floor":42,"key":"Nunchaku"},{"floor":43,"key":"Pear"},{"floor":44,"key":"Letter Opener"},{"floor":47,"key":"Eternal Feather"},{"floor":48,"key":"Lizard Tail"}],"event_choices":[{"damage_healed":0.0,"max_hp_gain":0.0,"max_hp_loss":6.0,"gold_gain":0.0,"event_name":"Golden Idol","player_choice":"Lose Max HP","floor":2.0,"gold_loss":0.0,"damage_taken":0.0,"relics_obtained":["Golden Idol"]},{"damage_healed":0.0,"max_hp_gain":0.0,"max_hp_loss":0.0,"gold_gain":0.0,"event_name":"Scrap Ooze","player_choice":"Success","floor":14.0,"gold_loss":0.0,"damage_taken":7.0,"relics_obtained":["Toy Ornithopter"]},{"damage_healed":0.0,"max_hp_gain":0.0,"max_hp_loss":25.0,"gold_gain":0.0,"event_name":"Vampires","player_choice":"Became a vampire","floor":22.0,"gold_loss":0.0,"damage_taken":0.0,"cards_obtained":["Bite","Bite","Bite","Bite","Bite"]},{"damage_healed":0.0,"max_hp_gain":0.0,"max_hp_loss":0.0,"gold_gain":0.0,"cards_transformed":["Bash","Clothesline"],"event_name":"Drug Dealer","player_choice":"Became Test Subject","floor":30.0,"gold_loss":0.0,"damage_taken":0.0,"cards_obtained":["Infernal Blade","Pummel"]},{"damage_healed":0.0,"max_hp_gain":0.0,"max_hp_loss":0.0,"gold_gain":0.0,"event_name":"MindBloom","player_choice":"Fight","floor":37.0,"gold_loss":0.0,"damage_taken":0.0},{"damage_healed":0.0,"max_hp_gain":0.0,"max_hp_loss":4.0,"gold_gain":0.0,"event_name":"Winding Halls","player_choice":"Max HP","floor":39.0,"gold_loss":0.0,"damage_taken":0.0}],"is_beta":false,"boss_relics":[{"not_picked":["Coffee Dripper","SacredBark"],"picked":"Calling Bell"},{"not_picked":["Black Blood","SlaversCollar"],"picked":"Runic Cube"}],"items_purged_floors":[5,36],"is_endless":false,"potions_floor_spawned":[3,12,16,21,29,33,35,37,38,40,42,44,47,48],"ascension_level":10}