{"gold_per_floor":[117,82,97,113,123,123,24,58,58,58,73,73,88,114,114,216,216,233,244,264,283,283,283,315,315,341,358,358,385,403,74,74,178,178,192,192,205,427,34,34,59,59,86,106,124,152,170,197,197,197],"floor_reached":51,"playtime":4547,"items_purged":["Defend_R","Strike_R"],"score":1295,"play_id":"f7f9915f-016d-4e4c-b628-016783d132ef","local_time":"20230315232622","is_ascension_mode":true,"campfire_choices":[{"data":"Uppercut","floor":6.0,"key":"SMITH"},{"data":"Armaments","floor":12.0,"key":"SMITH"},{"data":"Pommel Strike","floor":15.0,"key":"SMITH"},{"floor":23.0,"key":"REST"},{"data":"Shockwave","floor":25.0,"key":"SMITH"},{"data":"True Grit","floor":28.0,"key":"SMITH"},{"data":"Inflame","floor":32.0,"key":"SMITH"},{"data":"Feel No Pain","floor":40.0,"key":"SMITH"},{"data":"Barricade","floor":42.0,"key":"SMITH"},{"data":"Bloodletting","floor":49,"key":"SMITH"}],"neow_cost":"PERCENT_DAMAGE","seed_source_timestamp":0,"circlet_count":0,"master_deck":["AscendersBane","Strike_R","Strike_R","Defend_R","Defend_R","Defend_R","Cleave+1","Uppercut+1","Iron Wave","Shockwave+1","Armaments+1","Shrug It Off","Pommel Strike+1","Impervious","True Grit+1","Headbutt","Anger","Shrug It Off","Flame Barrier","Inflame+1","Bludgeon","Finesse","Corruption","Body Slam","Feel No Pain+1","Offering","Shrug It Off","Feed","Barricade+1","Headbutt","Bloodletting+1"],"special_seed":0,"relics":["Burning Blood","Whetstone","Eternal Feather","WingedGreaves","SlaversCollar","Enchiridion","Red Mask","Boot","Oddly Smooth Stone","Runic Pyramid","Pen Nib","Dream Catcher","Nunchaku"],"potions_floor_usage":[50],"damage_taken":[{"damage":3.0,"enemies":"Jaw Worm","floor":1.0,"turns":6.0},{"damage":0.0,"enemies":"2 Louse","floor":3.0,"turns":2.0},{"damage":0.0,"enemies":"Small Slimes","floor":4.0,"turns":2.0},{"damage":9.0,"enemies":"Blue Slaver","floor":5.0,"turns":5.0},{"damage":24.0,"enemies":"Gremlin Nob","floor":8.0,"turns":4.0},{"damage":3.0,"enemies":"Looter","floor":11.0,"turns":4.0},{"damage":3.0,"enemies":"Red Slaver","floor":13.0,"turns":3.0},{"damage":13.0,"enemies":"Lagavulin","floor":14.0,"turns":8.0},{"damage":14.0,"enemies":"The Guardian","floor":16.0,"turns":15.0},{"damage":27.0,"enemies":"Spheric Guardian","floor":18.0,"turns":8.0},{"damage":15.0,"enemies":"3 Byrds","floor":19.0,"turns":6.0},{"damage":25.0,"enemies":"Shelled Parasite and Fungi","floor":20.0,"turns":13.0},{"damage":10.0,"enemies":"Centurion and Healer","floor":21.0,"turns":13.0},{"damage":29.0,"enemies":"Masked Bandits","floor":24.0,"turns":7.0},{"damage":14.0,"enemies":"Snake Plant","floor":27.0,"turns":8.0},{"damage":12.0,"enemies":"Book of Stabbing","floor":29.0,"turns":5.0},{"damage":0.0,"enemies":"Snecko","floor":30.0,"turns":6.0},{"damage":57.0,"enemies":"Champ","floor":33.0,"turns":10.0},{"damage":0.0,"enemies":"Orb Walker","floor":35.0,"turns":3.0},{"damage":14.0,"enemies":"3 Darklings","floor":37.0,"turns":4.0},{"damage":6.0,"enemies":"Nemesis","floor":41.0,"turns":5.0},{"damage":6.0,"enemies":"Spire Growth","floor":44.0,"turns":7.0},{"damage":36.0,"enemies":"Jaw Worm Horde","floor":45.0,"turns":7.0},{"damage":6,"enemies":"Giant Head","floor":46,"turns":8},{"damage":8,"enemies":"4 Shapes","floor":47,"turns":6},{"damage":18,"enemies":"Reptomancer","floor":48,"turns":8},{"damage":47,"enemies":"Donu and Deca","floor":50,"turns":6}],"seed_played":"6564954122720282611","potions_obtained":[{"floor":4.0,"key":"Swift Potion"},{"floor":5.0,"key":"ElixirPotion"},{"floor":11.0,"key":"BloodPotion"},{"floor":14.0,"key":"Energy Potion"},{"floor":19.0,"key":"Explosive Potion"},{"floor":21.0,"key":"Fire Potion"},{"floor":30.0,"key":"SneckoOil"},{"floor":33.0,"key":"Ancient Potion"},{"floor":45.0,"key":"SmokeBomb"},{"floor":46,"key":"LiquidMemories"},{"floor":47,"key":"Energy Potion"}],"is_trial":false,"path_per_floor":["M","?","M","M","M","R","$","E","T","?","M","R","M","E","R","B",null,"M","M","M","M","?","R","?","R","T","M","R","E","M","$","R","B",null,"M","?","M","?","$","R","E","R","T","M","M","E","M","E","R","B",null],"character_chosen":"IRONCLAD","items_purchased":["Armaments","FairyPotion","Finesse","SkillPotion","Feel No Pain","Offering","Shrug It Off","Feed"],"campfire_rested":1,"item_purchase_floors":[7,31,31,31,39,39,39,39],"current_hp_per_floor":[54,74,80,80,77,77,77,59,59,64,67,73,76,69,78,70,81,60,51,32,28,12,46,40,52,52,44,56,50,56,56,68,17,68,74,74,66,66,66,81,81,85,85,88,61,65,66,54,72,31],"gold":197,"neow_bonus":"REMOVE_TWO","is_prod":false,"is_daily":false,"chose_seed":false,"campfire_upgraded":9,"win_rate":0,"timestamp":1678947982,"path_taken":["M","?","M","M","M","R","$","E","T","?","M","R","M","E","R","BOSS","M","M","M","M","?","R","?","R","T","M","R","E","M","$","R","BOSS","M","?","M","?","$","R","E","R","T","M","M","E","M","E","R","BOSS"],"build_version":"2022-12-18","purchased_purges":2,"victory":true,"max_hp_per_floor":[80,80,80,80,80,80,80,80,80,85,85,85,85,85,85,85,85,85,85,85,85,85,85,85,85,85,85,85,85,85,85,85,85,85,85,85,85,85,85,85,85,85,85,88,91,95,98,98,98,98],"card_choices":[{"not_picked":["Dark Embrace","Thunderclap"],"picked":"Cleave","floor":1.0},{"not_picked":["Seeing Red","Warcry"],"picked":"Uppercut","floor":3.0},{"not_picked":["Sword Boomerang","Rampage"],"picked":"Iron Wave","floor":4.0},{"not_picked":["Sentinel","Blood for Blood"],"picked":"Shockwave","floor":5.0},{"not_picked":["Entrench","Reckless Charge","Twin Strike"],"picked":"SKIP","floor":8.0},{"not_picked":["Infernal Blade","Sword Boomerang"],"picked":"Shrug It Off","floor":11.0},{"not_picked":["Wild Strike","Flex","Warcry"],"picked":"SKIP","floor":13.0},{"not_picked":["Dropkick","Flex"],"picked":"Pommel Strike","floor":14.0},{"not_picked":["Barricade","Bludgeon"],"picked":"Impervious","floor":16.0},{"not_picked":["Flex","Havoc","Dual Wield"],"picked":"SKIP","floor":18.0},{"not_picked":["Blood for Blood","Clothesline"],"picked":"True Grit","floor":19.0},{"not_picked":["Combust","Body Slam"],"picked":"Headbutt","floor":20.0},{"not_picked":["Wild Strike","Twin Strike"],"picked":"Anger","floor":21.0},{"not_picked":["Armaments","Havoc"],"picked":"Shrug It Off","floor":24.0},{"not_picked":["Thunderclap","Shrug It Off"],"picked":"Flame Barrier","floor":27.0},{"not_picked":["Armaments","Uppercut+1"],"picked":"Inflame","floor":29.0},{"not_picked":["Iron Wave","Headbutt","Bludgeon"],"picked":"SKIP","floor":30.0},{"not_picked":["Iron Wave","Headbutt"],"picked":"Bludgeon","floor":30.0},{"not_picked":["Limit Break","Bludgeon"],"picked":"Corruption","floor":33.0},{"not_picked":["Twin Strike","Sword Boomerang"],"picked":"Body Slam","floor":35.0},{"not_picked":["Fire Breathing","Sword Boomerang","Headbutt"],"picked":"SKIP","floor":37.0},{"not_picked":["Thunderclap","Twin Strike"],"picked":"Barricade","floor":41.0},{"not_picked":["Sword Boomerang","Perfected Strike","Cleave+1"],"picked":"SKIP","floor":44.0},{"not_picked":["Sword Boomerang","Perfected Strike","Cleave+1"],"picked":"SKIP","floor":44.0},{"not_picked":["Whirlwind","Pummel+1","Metallicize"],"picked":"SKIP","floor":45.0},{"not_picked":["Juggernaut","Warcry","Corruption"],"picked":"SKIP","floor":46},{"not_picked":["Wild Strike","Clash"],"picked":"Headbutt","floor":47},{"not_picked":["Flame Barrier","Heavy Blade"],"picked":"Bloodletting","floor":48}],"player_experience":737808,"relics_obtained":[{"floor":8.0,"key":"Whetstone"},{"floor":9.0,"key":"Eternal Feather"},{"floor":14.0,"key":"WingedGreaves"},{"floor":22.0,"key":"Enchiridion"},{"floor":24.0,"key":"Red Mask"},{"floor":26.0,"key":"Boot"},{"floor":29.0,"key":"Oddly Smooth Stone"},{"floor":41.0,"key":"Pen Nib"},{"floor":46,"key":"Dream Catcher"},{"floor":48,"key":"Nunchaku"}],"event_choices":[{"damage_healed":20.0,"max_hp_gain":0.0,"max_hp_loss":0.0,"gold_gain":0.0,"event_name":"The Cleric","player_choice":"Healed","floor":2.0,"gold_loss":35.0,"damage_taken":0.0},{"damage_healed":0.0,"max_hp_gain":5.0,"max_hp_loss":0.0,"gold_gain":0.0,"event_name":"Big Fish","player_choice":"Donut","floor":10.0,"gold_loss":0.0,"damage_taken":0.0},{"damage_healed":0.0,"max_hp_gain":0.0,"max_hp_loss":0.0,"gold_gain":0.0,"event_name":"Cursed Tome","player_choice":"Obtained Book","floor":22.0,"gold_loss":0.0,"damage_taken":16.0},{"damage_healed":0.0,"max_hp_gain":0.0,"max_hp_loss":0.0,"gold_gain":0.0,"event_name":"Masked Bandits","player_choice":"Fought Bandits","floor":24.0,"gold_loss":0.0,"damage_taken":0.0},{"cards_removed":["Bash"],"damage_healed":0.0,"max_hp_gain":0.0,"max_hp_loss":0.0,"gold_gain":0.0,"event_name":"Falling","player_choice":"Removed Attack","floor":36.0,"gold_loss":0.0,"damage_taken":0.0},{"damage_healed":0.0,"max_hp_gain":0.0,"max_hp_loss":0.0,"gold_gain":222.0,"event_name":"Tomb of Lord Red Mask","player_choice":"Wore Mask","floor":38.0,"gold_loss":0.0,"damage_taken":0.0}],"is_beta":false,"boss_relics":[{"not_picked":["Ectoplasm","Runic Cube"],"picked":"SlaversCollar"},{"not_picked":["Tiny House","Philosopher\u0027s Stone"],"picked":"Runic Pyramid"}],"items_purged_floors":[7,31],"is_endless":false,"potions_floor_spawned":[4,5,11,14,19,21,30,33,35,45,46,47],"ascension_level":12}