{"gold_per_floor":[117,117,42,42,56,85,103,103,103,129,1,26,26,38,38,137,137,149,167,92,92,107,107,135,135,161,161,187,205,14,25,25,122,172,190,208,208,222,222,222],"floor_reached":40,"playtime":2611,"items_purged":["Strike_R"],"score":765,"play_id":"7eeffc69-726c-4a43-a461-c1036a52ab96","local_time":"20230308002948","is_ascension_mode":true,"campfire_choices":[{"data":"Armaments","floor":8.0,"key":"SMITH"},{"data":"Bash","floor":13.0,"key":"SMITH"},{"data":"Seeing Red","floor":15.0,"key":"SMITH"},{"data":"Offering","floor":23.0,"key":"SMITH"},{"data":"True Grit","floor":32.0,"key":"SMITH"}],"neow_cost":"NONE","seed_source_timestamp":110183880318800,"circlet_count":0,"master_deck":["AscendersBane","Strike_R","Strike_R+1","Defend_R","Defend_R","Bash+1","Armaments+1","Pommel Strike","Shrug It Off","Shrug It Off","Seeing Red+1","Cleave","Carnage","Offering+1","Flame Barrier","Disarm+1","Battle Trance","Infernal Blade","True Grit+1","Immolate","Secret Technique"],"special_seed":0,"relics":["Burning Blood","NeowsBlessing","Gambling Chip","Happy Flower","Gremlin Horn","Letter Opener","Centennial Puzzle","Cursed Key","Juzu Bracelet","Akabeko","Spirit Poop","Du-Vu Doll","Bag of Preparation","Tiny House"],"potions_floor_usage":[40],"damage_taken":[{"damage":0.0,"enemies":"Small Slimes","floor":1.0,"turns":1.0},{"damage":0.0,"enemies":"2 Louse","floor":5.0,"turns":1.0},{"damage":0.0,"enemies":"Lagavulin","floor":6.0,"turns":1.0},{"damage":2.0,"enemies":"Jaw Worm","floor":7.0,"turns":4.0},{"damage":9.0,"enemies":"Gremlin Nob","floor":10.0,"turns":4.0},{"damage":4.0,"enemies":"Lagavulin","floor":12.0,"turns":7.0},{"damage":3.0,"enemies":"Exordium Thugs","floor":14.0,"turns":3.0},{"damage":18.0,"enemies":"Slime Boss","floor":16.0,"turns":10.0},{"damage":6.0,"enemies":"Spheric Guardian","floor":18.0,"turns":4.0},{"damage":0.0,"enemies":"Chosen","floor":19.0,"turns":4.0},{"damage":6.0,"enemies":"Sentry and Sphere","floor":22.0,"turns":3.0},{"damage":7.0,"enemies":"Book of Stabbing","floor":24.0,"turns":4.0},{"damage":6.0,"enemies":"Slavers","floor":28.0,"turns":4.0},{"damage":6.0,"enemies":"Cultist and Chosen","floor":29.0,"turns":6.0},{"damage":5.0,"enemies":"3 Cultists","floor":31.0,"turns":4.0},{"damage":80.0,"enemies":"Automaton","floor":33.0,"turns":13.0},{"damage":0.0,"enemies":"Orb Walker","floor":35.0,"turns":4.0},{"damage":6,"enemies":"3 Darklings","floor":36,"turns":2},{"damage":6,"enemies":"Maw","floor":38,"turns":9},{"damage":86,"enemies":"Giant Head","floor":40,"turns":8}],"seed_played":"-2246991098898151870","potions_obtained":[{"floor":5.0,"key":"DistilledChaos"},{"floor":6.0,"key":"AttackPotion"},{"floor":10.0,"key":"LiquidBronze"},{"floor":18.0,"key":"Ancient Potion"},{"floor":21.0,"key":"Weak Potion"},{"floor":21.0,"key":"PowerPotion"},{"floor":31.0,"key":"EntropicBrew"},{"floor":34.0,"key":"AttackPotion"}],"is_trial":false,"path_per_floor":["M","?","$","?","M","E","M","R","T","E","$","E","R","M","R","B",null,"M","M","?","?","M","R","E","?","T","?","E","M","$","M","R","B",null,"M","M","?","M","?","E"],"character_chosen":"IRONCLAD","items_purchased":["Seeing Red","Cleave","Bag of Preparation","True Grit"],"campfire_rested":0,"item_purchase_floors":[11,11,30,30],"current_hp_per_floor":[78,53,53,53,59,65,69,69,69,66,66,68,68,71,71,59,75,75,80,80,80,80,80,79,79,79,79,79,79,79,80,80,22,71,77,77,77,77,77,0],"gold":222,"neow_bonus":"THREE_ENEMY_KILL","is_prod":false,"is_daily":false,"chose_seed":false,"campfire_upgraded":5,"win_rate":0,"timestamp":1678264188,"path_taken":["M","?","$","?","M","E","M","R","T","E","$","E","R","M","R","BOSS","M","M","?","?","M","R","E","?","T","?","E","M","$","M","R","BOSS","M","M","?","M","?","E"],"build_version":"2022-12-18","purchased_purges":1,"victory":false,"max_hp_per_floor":[80,80,80,80,80,80,80,80,80,80,80,80,80,80,80,80,80,80,80,80,80,80,80,80,80,80,80,80,80,80,80,80,80,85,85,85,85,85,85,85],"card_choices":[{"not_picked":["Power Through","Intimidate"],"picked":"Armaments","floor":1.0},{"not_picked":["Sentinel","Anger"],"picked":"Pommel Strike","floor":5.0},{"not_picked":["Reckless Charge","Combust"],"picked":"Shrug It Off","floor":6.0},{"not_picked":["Thunderclap","Perfected Strike"],"picked":"Shrug It Off","floor":7.0},{"not_picked":["Anger","Shrug It Off","Clash"],"picked":"SKIP","floor":10.0},{"not_picked":["Pommel Strike","Iron Wave","Fiend Fire"],"picked":"SKIP","floor":12.0},{"not_picked":["Rupture","Twin Strike"],"picked":"Carnage","floor":14.0},{"not_picked":["Impervious","Reaper"],"picked":"Offering","floor":16.0},{"not_picked":["Sentinel+1","Intimidate","Sever Soul+1"],"picked":"SKIP","floor":18.0},{"not_picked":["Headbutt","True Grit"],"picked":"Flame Barrier","floor":19.0},{"not_picked":["Armaments","Evolve","Flex+1"],"picked":"SKIP","floor":22.0},{"not_picked":["Sever Soul","Twin Strike"],"picked":"Disarm+1","floor":24.0},{"not_picked":["Shockwave","Bludgeon"],"picked":"Battle Trance","floor":28.0},{"not_picked":["Clash","Intimidate"],"picked":"Infernal Blade","floor":29.0},{"not_picked":["Havoc","Clash+1","Iron Wave"],"picked":"SKIP","floor":31.0},{"not_picked":["Double Tap","Brutality"],"picked":"Immolate","floor":33.0},{"not_picked":["Infernal Blade+1","Shrug It Off+1","Reckless Charge+1"],"picked":"SKIP","floor":35.0},{"not_picked":["Iron Wave+1","Heavy Blade","Juggernaut"],"picked":"SKIP","floor":36},{"not_picked":["Clash+1","Iron Wave+1","Perfected Strike"],"picked":"SKIP","floor":38},{"not_picked":["Clash+1","Iron Wave+1","Perfected Strike"],"picked":"SKIP","floor":38},{"not_picked":["Clash+1","Iron Wave+1","Perfected Strike"],"picked":"SKIP","floor":38},{"not_picked":["Panache","Madness"],"picked":"Secret Technique","floor":39}],"player_experience":682341,"relics_obtained":[{"floor":6.0,"key":"Happy Flower"},{"floor":9.0,"key":"Gremlin Horn"},{"floor":10.0,"key":"Letter Opener"},{"floor":12.0,"key":"Centennial Puzzle"},{"floor":24.0,"key":"Juzu Bracelet"},{"floor":26.0,"key":"Akabeko"},{"floor":28.0,"key":"Du-Vu Doll"}],"event_choices":[{"damage_healed":0.0,"max_hp_gain":0.0,"max_hp_loss":0.0,"gold_gain":0.0,"event_name":"Scrap Ooze","player_choice":"Success","floor":2.0,"gold_loss":0.0,"damage_taken":25.0,"relics_obtained":["Gambling Chip"]},{"cards_removed":["Defend_R"],"damage_healed":0.0,"max_hp_gain":0.0,"max_hp_loss":0.0,"gold_gain":0.0,"event_name":"Living Wall","player_choice":"Forget","floor":4.0,"gold_loss":0.0,"damage_taken":0.0},{"cards_removed":["Strike_R"],"damage_healed":0.0,"max_hp_gain":0.0,"max_hp_loss":0.0,"gold_gain":0.0,"event_name":"Beggar","player_choice":"Gave Gold","floor":20.0,"gold_loss":75.0,"damage_taken":0.0},{"damage_healed":0.0,"max_hp_gain":0.0,"max_hp_loss":0.0,"gold_gain":0.0,"event_name":"Lab","player_choice":"Got Potions","floor":21.0,"gold_loss":0.0,"damage_taken":0.0},{"cards_removed":["Defend_R"],"damage_healed":0.0,"max_hp_gain":0.0,"max_hp_loss":0.0,"gold_gain":0.0,"event_name":"Back to Basics","player_choice":"Elegance","floor":25.0,"gold_loss":0.0,"damage_taken":0.0},{"cards_removed":["Decay"],"damage_healed":0.0,"max_hp_gain":0.0,"max_hp_loss":0.0,"gold_gain":0.0,"event_name":"Bonfire Elementals","player_choice":"Offered Curse","floor":27.0,"gold_loss":0.0,"damage_taken":0.0,"relics_obtained":["Spirit Poop"]},{"cards_removed":["Strike_R"],"damage_healed":0,"gold_gain":0,"player_choice":"Removed Attack","damage_taken":0,"max_hp_gain":0,"max_hp_loss":0,"event_name":"Falling","floor":37,"gold_loss":0},{"damage_healed":0,"gold_gain":0,"player_choice":"Memory 1","damage_taken":0,"max_hp_gain":0,"max_hp_loss":0,"event_name":"SensoryStone","floor":39,"gold_loss":0}],"is_beta":false,"boss_relics":[{"not_picked":["Runic Cube","Calling Bell"],"picked":"Cursed Key"},{"not_picked":["Black Star","Sozu"],"picked":"Tiny House"}],"items_purged_floors":[3],"is_endless":false,"potions_floor_spawned":[5,6,7,10,18,22,31],"killed_by":"Giant Head","ascension_level":11}