{"gold_per_floor":[118,118,130,29,40,71,22,35,35,35,35,49,63,78,78,177,177,188,188,205,218,18,18,43,61,136,136,153,153,168,203,203,203],"floor_reached":33,"playtime":2991,"items_purged":["Strike_R"],"score":451,"play_id":"a9ec2576-1161-44b5-a16d-c03c0e0865ae","local_time":"20230307002818","is_ascension_mode":true,"campfire_choices":[{"data":"Armaments","floor":11.0,"key":"SMITH"},{"data":"Dark Embrace","floor":15.0,"key":"SMITH"},{"data":"True Grit","floor":23.0,"key":"SMITH"},{"data":"Exhume","floor":29.0,"key":"SMITH"},{"floor":32,"key":"REST"}],"neow_cost":"NONE","seed_source_timestamp":0,"circlet_count":0,"master_deck":["AscendersBane","Strike_R","Strike_R","Defend_R","Defend_R","Defend_R","Defend_R","Bash","Cleave","Intimidate","Disarm+1","Armaments+1","Shockwave","Exhume+1","Dark Embrace+1","Twin Strike","Spot Weakness","Reaper","Power Through","True Grit+1","Fire Breathing","Shrug It Off","Sword Boomerang","Feel No Pain"],"special_seed":0,"relics":["Burning Blood","NeowsBlessing","Paper Frog","Bottled Tornado","Empty Cage","Strange Spoon","Bottled Lightning","Bottled Flame","TungstenRod"],"potions_floor_usage":[30,31,31,33],"damage_taken":[{"damage":0.0,"enemies":"Jaw Worm","floor":1.0,"turns":1.0},{"damage":0.0,"enemies":"Cultist","floor":3.0,"turns":1.0},{"damage":0.0,"enemies":"Small Slimes","floor":5.0,"turns":1.0},{"damage":30.0,"enemies":"Gremlin Nob","floor":6.0,"turns":5.0},{"damage":0.0,"enemies":"2 Fungi Beasts","floor":8.0,"turns":3.0},{"damage":20.0,"enemies":"Exordium Thugs","floor":12.0,"turns":7.0},{"damage":11.0,"enemies":"Gremlin Gang","floor":13.0,"turns":7.0},{"damage":5.0,"enemies":"Large Slime","floor":14.0,"turns":6.0},{"damage":53.0,"enemies":"Hexaghost","floor":16.0,"turns":15.0},{"damage":27.0,"enemies":"Chosen","floor":18.0,"turns":8.0},{"damage":22.0,"enemies":"Shell Parasite","floor":20.0,"turns":19.0},{"damage":25.0,"enemies":"Snecko","floor":21.0,"turns":8.0},{"damage":19.0,"enemies":"Book of Stabbing","floor":24.0,"turns":21.0},{"damage":57.0,"enemies":"3 Cultists","floor":25.0,"turns":9.0},{"damage":15.0,"enemies":"Snake Plant","floor":28.0,"turns":17.0},{"damage":13,"enemies":"Chosen and Byrds","floor":30,"turns":7},{"damage":70,"enemies":"Gremlin Leader","floor":31,"turns":13},{"damage":76,"enemies":"Champ","floor":33,"turns":15}],"seed_played":"6319260837441347381","potions_obtained":[{"floor":3.0,"key":"Explosive Potion"},{"floor":5.0,"key":"BlessingOfTheForge"},{"floor":8.0,"key":"Dexterity Potion"},{"floor":13.0,"key":"Regen Potion"},{"floor":18.0,"key":"FearPotion"},{"floor":24.0,"key":"BloodPotion"},{"floor":25.0,"key":"Energy Potion"},{"floor":30,"key":"BloodPotion"},{"floor":31,"key":"Energy Potion"}],"is_trial":false,"path_per_floor":["M","?","M","$","M","E","$","M","T","?","R","M","M","M","R","B",null,"M","?","M","M","$","R","E","M","T","?","M","R","M","E","R","B"],"character_chosen":"IRONCLAD","items_purchased":["Armaments","ColorlessPotion","Strange Spoon","True Grit"],"campfire_rested":1,"item_purchase_floors":[4,7,22,22],"current_hp_per_floor":[78,78,80,80,80,56,56,62,62,67,67,53,48,49,49,7,66,51,51,52,53,53,53,73,35,35,35,48,48,47,35,60,0],"gold":203,"neow_bonus":"THREE_ENEMY_KILL","is_prod":false,"is_daily":false,"chose_seed":false,"campfire_upgraded":4,"win_rate":0,"timestamp":1678177698,"path_taken":["M","?","M","$","?","E","?","M","T","?","R","M","M","M","R","BOSS","M","?","?","M","$","R","E","?","T","?","M","R","M","E","R","BOSS"],"build_version":"2022-12-18","purchased_purges":1,"victory":false,"max_hp_per_floor":[80,80,80,80,80,80,80,80,80,85,85,85,85,85,85,85,85,85,85,85,85,85,85,85,85,85,85,85,85,85,85,85,85],"card_choices":[{"not_picked":["Perfected Strike","True Grit"],"picked":"Cleave","floor":1.0},{"not_picked":["Burning Pact","Feel No Pain"],"picked":"Disarm","floor":3.0},{"not_picked":["Clash","Thunderclap"],"picked":"Shockwave","floor":5.0},{"not_picked":["Warcry","Clash"],"picked":"Exhume","floor":6.0},{"not_picked":["Havoc","Body Slam"],"picked":"Dark Embrace","floor":8.0},{"not_picked":["Evolve","Second Wind"],"picked":"Twin Strike","floor":12.0},{"not_picked":["Thunderclap","Havoc"],"picked":"Spot Weakness","floor":13.0},{"not_picked":["Iron Wave","Inflame","Clash"],"picked":"SKIP","floor":14.0},{"not_picked":["Impervious","Fiend Fire"],"picked":"Reaper","floor":16.0},{"not_picked":["Inflame","Clash","Clothesline+1"],"picked":"SKIP","floor":18.0},{"not_picked":["Armaments","Searing Blow"],"picked":"Power Through","floor":20.0},{"not_picked":["Carnage+1","Wild Strike","Hemokinesis"],"picked":"SKIP","floor":21.0},{"not_picked":["Flex","Bludgeon","Clash"],"picked":"SKIP","floor":24.0},{"not_picked":["Flex","Bludgeon","Clash"],"picked":"SKIP","floor":24.0},{"not_picked":["Clothesline+1","Pommel Strike"],"picked":"Fire Breathing","floor":25.0},{"not_picked":["Thunderclap","Havoc","Clash"],"picked":"SKIP","floor":28.0},{"not_picked":["Combust","Armaments"],"picked":"Sword Boomerang","floor":30},{"not_picked":["Headbutt","Pummel"],"picked":"Feel No Pain","floor":31}],"player_experience":670996,"relics_obtained":[{"floor":6.0,"key":"Paper Frog"},{"floor":9.0,"key":"Bottled Tornado"},{"floor":24.0,"key":"Bottled Lightning"},{"floor":26.0,"key":"Bottled Flame"},{"floor":31,"key":"TungstenRod"}],"event_choices":[{"damage_healed":0.0,"max_hp_gain":0.0,"max_hp_loss":0.0,"gold_gain":0.0,"event_name":"Match and Keep!","player_choice":"1 cards matched","floor":2.0,"gold_loss":0.0,"damage_taken":0.0,"cards_obtained":["Intimidate"]},{"damage_healed":0.0,"max_hp_gain":5.0,"max_hp_loss":0.0,"gold_gain":0.0,"event_name":"Big Fish","player_choice":"Donut","floor":10.0,"gold_loss":0.0,"damage_taken":0.0},{"damage_healed":0.0,"max_hp_gain":0.0,"max_hp_loss":0.0,"gold_gain":0.0,"event_name":"Upgrade Shrine","player_choice":"Upgraded","floor":19.0,"gold_loss":0.0,"damage_taken":0.0,"cards_upgraded":["Disarm"]},{"damage_healed":0.0,"max_hp_gain":0.0,"max_hp_loss":0.0,"gold_gain":0.0,"event_name":"The Library","player_choice":"Read","floor":27.0,"gold_loss":0.0,"damage_taken":0.0,"cards_obtained":["Shrug It Off"]}],"is_beta":false,"boss_relics":[{"not_picked":["Coffee Dripper","Runic Dome"],"picked":"Empty Cage"}],"items_purged_floors":[4],"is_endless":false,"potions_floor_spawned":[3,5,8,13,14,18,24,25,28,30,31],"killed_by":"Champ","ascension_level":11}