{"gold_per_floor":[112,124,137,149,149,180,180,205,256,256,40,40,83,98,98,223,223,238,262,262,278,11,11,47,47,47,78,78,97,97,116,116,235,235,251,251,264,283,346,346,380,380,406,472,485,501,501,1,1,1],"floor_reached":51,"playtime":5037,"items_purged":["Strike_R","Strike_R","Wild Strike"],"score":1049,"play_id":"562a6d6f-8ba3-4315-b1e5-644f9a30eda8","local_time":"20230309215052","is_ascension_mode":true,"campfire_choices":[{"data":"Pommel Strike","floor":7.0,"key":"SMITH"},{"data":"Offering","floor":10.0,"key":"SMITH"},{"data":"Armaments","floor":15.0,"key":"SMITH"},{"data":"Evolve","floor":23.0,"key":"SMITH"},{"floor":25.0,"key":"REST"},{"data":"Dark Embrace","floor":28.0,"key":"SMITH"},{"data":"Corruption","floor":30.0,"key":"SMITH"},{"data":"Feed","floor":32.0,"key":"SMITH"},{"data":"Strike_R","floor":40.0,"key":"PURGE"},{"data":"Strike_R","floor":42.0,"key":"PURGE"},{"data":"Parasite","floor":47.0,"key":"PURGE"},{"floor":49.0,"key":"REST"}],"neow_cost":"NONE","seed_source_timestamp":0,"circlet_count":0,"master_deck":["AscendersBane","Defend_R","Defend_R","Defend_R","Defend_R","Bash","Clothesline","Pommel Strike+1","Fiend Fire","Offering+1","Evolve+1","Armaments+1","Disarm","Fire Breathing","Corruption+1","Ghostly Armor","Twin Strike+1","Feed+1","Sentinel","Dark Embrace+1","Feel No Pain","Battle Trance","Reckless Charge","Purity","Disarm+1","Feel No Pain","Juggernaut","True Grit+1","Warcry+1","Disarm","Whirlwind","PanicButton"],"special_seed":0,"relics":["Black Blood","Blood Vial","Golden Idol","The Courier","Art of War","Bottled Tornado","Mark of Pain","Oddly Smooth Stone","Paper Frog","Self Forming Clay","Peace Pipe","Gremlin Horn","Happy Flower","Du-Vu Doll","Calipers"],"potions_floor_usage":[50,50],"damage_taken":[{"damage":1.0,"enemies":"Cultist","floor":1.0,"turns":4.0},{"damage":12.0,"enemies":"Jaw Worm","floor":2.0,"turns":2.0},{"damage":8.0,"enemies":"Small Slimes","floor":3.0,"turns":3.0},{"damage":7.0,"enemies":"Looter","floor":4.0,"turns":4.0},{"damage":21.0,"enemies":"Gremlin Nob","floor":6.0,"turns":4.0},{"damage":15.0,"enemies":"Large Slime","floor":8.0,"turns":5.0},{"damage":4.0,"enemies":"3 Sentries","floor":13.0,"turns":10.0},{"damage":18.0,"enemies":"Exordium Thugs","floor":14.0,"turns":5.0},{"damage":42.0,"enemies":"Hexaghost","floor":16.0,"turns":13.0},{"damage":0.0,"enemies":"Chosen","floor":18.0,"turns":5.0},{"damage":7.0,"enemies":"Shell Parasite","floor":19.0,"turns":6.0},{"damage":12.0,"enemies":"Centurion and Healer","floor":21.0,"turns":10.0},{"damage":40.0,"enemies":"Gremlin Leader","floor":24.0,"turns":6.0},{"damage":27.0,"enemies":"Slavers","floor":27.0,"turns":3.0},{"damage":0.0,"enemies":"Sentry and Sphere","floor":29.0,"turns":4.0},{"damage":6.0,"enemies":"3 Cultists","floor":31.0,"turns":5.0},{"damage":37.0,"enemies":"Champ","floor":33.0,"turns":19.0},{"damage":16.0,"enemies":"Orb Walker","floor":35.0,"turns":3.0},{"damage":29.0,"enemies":"3 Darklings","floor":37.0,"turns":5.0},{"damage":9.0,"enemies":"Writhing Mass","floor":38.0,"turns":7.0},{"damage":0.0,"enemies":"Mind Bloom Boss Battle","floor":39.0,"turns":5.0},{"damage":17.0,"enemies":"Nemesis","floor":41.0,"turns":9.0},{"damage":11.0,"enemies":"2 Orb Walkers","floor":44.0,"turns":4.0},{"damage":14.0,"enemies":"Jaw Worm Horde","floor":45.0,"turns":4.0},{"damage":27.0,"enemies":"Sphere and 2 Shapes","floor":46.0,"turns":4.0},{"damage":70,"enemies":"Awakened One","floor":50,"turns":16}],"seed_played":"-2564748615293460804","potions_obtained":[{"floor":2.0,"key":"HeartOfIron"},{"floor":8.0,"key":"LiquidMemories"},{"floor":13.0,"key":"BloodPotion"},{"floor":16.0,"key":"Block Potion"},{"floor":21.0,"key":"Fruit Juice"},{"floor":24.0,"key":"Fire Potion"},{"floor":31.0,"key":"HeartOfIron"},{"floor":37.0,"key":"Block Potion"},{"floor":39.0,"key":"Weak Potion"},{"floor":46.0,"key":"FearPotion"}],"is_trial":false,"path_per_floor":["M","M","M","M","?","E","R","M","T","R","$","?","E","M","R","B",null,"M","M","?","M","$","R","E","R","T","E","R","M","R","M","R","B",null,"M","?","M","M","?","R","E","R","T","?","M","M","R","$","R","B",null],"character_chosen":"IRONCLAD","items_purchased":["Evolve","Armaments","Disarm","Feed","Sentinel","Whirlwind","Calipers","PanicButton","BlessingOfTheForge"],"campfire_rested":2,"item_purchase_floors":[11,11,11,22,22,48,48,48,48],"current_hp_per_floor":[79,74,74,75,74,59,59,52,52,52,52,52,56,46,46,12,59,67,68,68,69,69,69,40,64,64,45,45,57,57,62,62,50,79,81,81,66,71,85,85,82,82,82,89,89,76,76,76,94,36],"gold":1,"neow_bonus":"RANDOM_COMMON_RELIC","is_prod":false,"is_daily":false,"chose_seed":false,"campfire_upgraded":7,"win_rate":0,"timestamp":1678427452,"path_taken":["M","?","M","M","?","E","R","M","T","R","$","?","E","M","R","BOSS","M","M","?","M","$","R","E","R","T","E","R","M","R","M","R","BOSS","M","?","M","M","?","R","E","R","T","?","M","M","R","$","R","BOSS"],"build_version":"2022-12-18","purchased_purges":3,"victory":true,"max_hp_per_floor":[80,80,80,80,74,74,74,74,74,74,74,74,74,74,74,74,74,74,74,74,79,79,79,82,82,82,82,82,86,86,89,89,89,89,93,93,93,93,93,93,93,93,93,97,97,97,94,94,94,94],"card_choices":[{"not_picked":["Wild Strike","Armaments"],"picked":"Clothesline","floor":1.0},{"not_picked":["Sever Soul","Bloodletting"],"picked":"Pommel Strike","floor":2.0},{"not_picked":["Heavy Blade","Headbutt","Perfected Strike"],"picked":"SKIP","floor":3.0},{"not_picked":["Cleave","Armaments"],"picked":"Fiend Fire","floor":4.0},{"not_picked":["Fiend Fire","Warcry"],"picked":"Offering","floor":6.0},{"not_picked":["Thunderclap","Flex","Warcry"],"picked":"SKIP","floor":8.0},{"not_picked":["Armaments","Cleave"],"picked":"Fire Breathing","floor":13.0},{"not_picked":["Combust","Armaments","Ghostly Armor"],"picked":"SKIP","floor":14.0},{"not_picked":["Double Tap","Exhume"],"picked":"Corruption","floor":16.0},{"not_picked":["Seeing Red","Twin Strike","Uppercut"],"picked":"SKIP","floor":18.0},{"not_picked":["Wild Strike","Anger"],"picked":"Ghostly Armor","floor":19.0},{"not_picked":["Havoc","Seeing Red"],"picked":"Twin Strike+1","floor":21.0},{"not_picked":["Seeing Red","Metallicize+1"],"picked":"Dark Embrace","floor":24.0},{"not_picked":["Anger+1","Dark Embrace"],"picked":"Feel No Pain","floor":27.0},{"not_picked":["Fire Breathing+1","Intimidate"],"picked":"Battle Trance","floor":29.0},{"not_picked":["Havoc","Bloodletting","Sever Soul"],"picked":"SKIP","floor":31.0},{"not_picked":["Sword Boomerang","Pummel+1"],"picked":"Reckless Charge","floor":35.0},{"not_picked":["Impatience","Thinking Ahead"],"picked":"Purity","floor":36.0},{"not_picked":["Sword Boomerang+1","Clash"],"picked":"Wild Strike","floor":37.0},{"not_picked":["Cleave","Ghostly Armor+1"],"picked":"Disarm+1","floor":38.0},{"not_picked":["Infernal Blade","Cleave+1"],"picked":"Feel No Pain","floor":39.0},{"not_picked":["Twin Strike","Fire Breathing"],"picked":"Juggernaut","floor":41.0},{"not_picked":["Second Wind+1","Havoc"],"picked":"True Grit+1","floor":44.0},{"not_picked":["Wild Strike","Perfected Strike"],"picked":"Warcry+1","floor":45.0},{"not_picked":["Ghostly Armor+1","Twin Strike"],"picked":"Disarm","floor":46.0}],"player_experience":687249,"relics_obtained":[{"floor":6.0,"key":"The Courier"},{"floor":9.0,"key":"Art of War"},{"floor":13.0,"key":"Bottled Tornado"},{"floor":24.0,"key":"Oddly Smooth Stone"},{"floor":26.0,"key":"Paper Frog"},{"floor":27.0,"key":"Self Forming Clay"},{"floor":39.0,"key":"Peace Pipe"},{"floor":41.0,"key":"Gremlin Horn"},{"floor":43.0,"key":"Happy Flower"},{"floor":44.0,"key":"Du-Vu Doll"}],"event_choices":[{"damage_healed":0.0,"max_hp_gain":0.0,"max_hp_loss":6.0,"gold_gain":0.0,"event_name":"Golden Idol","player_choice":"Lose Max HP","floor":5.0,"gold_loss":0.0,"damage_taken":0.0,"relics_obtained":["Golden Idol"]},{"cards_removed":["Strike_R"],"damage_healed":0.0,"max_hp_gain":0.0,"max_hp_loss":0.0,"gold_gain":0.0,"event_name":"Living Wall","player_choice":"Forget","floor":12.0,"gold_loss":0.0,"damage_taken":0.0},{"damage_healed":0.0,"max_hp_gain":0.0,"max_hp_loss":0.0,"gold_gain":0.0,"event_name":"The Woman in Blue","player_choice":"Bought 0 Potions","floor":20.0,"gold_loss":0.0,"damage_taken":0.0},{"damage_healed":0.0,"max_hp_gain":0.0,"max_hp_loss":0.0,"gold_gain":0.0,"event_name":"SensoryStone","player_choice":"Memory 1","floor":36.0,"gold_loss":0.0,"damage_taken":0.0},{"damage_healed":0.0,"max_hp_gain":0.0,"max_hp_loss":0.0,"gold_gain":0.0,"event_name":"MindBloom","player_choice":"Fight","floor":39.0,"gold_loss":0.0,"damage_taken":0.0},{"damage_healed":0.0,"max_hp_gain":0.0,"max_hp_loss":0.0,"gold_gain":0.0,"event_name":"Mysterious Sphere","player_choice":"Fight","floor":44.0,"gold_loss":0.0,"damage_taken":0.0}],"is_beta":false,"boss_relics":[{"not_picked":["Black Star","Ectoplasm"],"picked":"Mark of Pain"},{"not_picked":["Sozu","Tiny House"],"picked":"Black Blood"}],"items_purged_floors":[11,22,48],"is_endless":false,"potions_floor_spawned":[2,8,13,16,21,24,31,37,39,46],"ascension_level":11}