{"gold_per_floor":[111,127,138,138,159,199,218,233,258,258,273,313,313,326,326,421,421,440,515,539,563,587,630,82,82,172,195,195,234,50,74,74,177,177,201,228,252,282,307,307,325,374,397,397,429,429,449,16,16,16],"floor_reached":51,"playtime":5737,"items_purged":["Strike_R","Strike_R","Strike_R"],"score":1250,"play_id":"ba013bdb-034c-447a-9948-e3be41c00de9","local_time":"20230320142441","is_ascension_mode":true,"campfire_choices":[{"data":"Whirlwind","floor":10.0,"key":"SMITH"},{"data":"Berserk","floor":13.0,"key":"SMITH"},{"data":"Shockwave","floor":15.0,"key":"SMITH"},{"floor":25.0,"key":"REST"},{"floor":32.0,"key":"REST"},{"data":"Dark Embrace","floor":40.0,"key":"SMITH"},{"data":"Corruption","floor":46,"key":"SMITH"},{"floor":49,"key":"REST"}],"neow_cost":"NONE","seed_source_timestamp":0,"circlet_count":0,"master_deck":["AscendersBane","Strike_R","Defend_R","Defend_R","Defend_R","Defend_R","Bash","Inflame","Whirlwind+1","Bloodletting","Iron Wave","Shrug It Off","Thunderclap","Ghostly Armor","Berserk+1","Shockwave+1","Corruption+1","Shrug It Off","Headbutt","True Grit","Double Tap","Armaments","Dark Embrace+1","Shrug It Off","Clumsy","Disarm","Spot Weakness","Feed","Pommel Strike","Ghostly Armor","Battle Trance","Heavy Blade","Thinking Ahead","Finesse","Warcry+1","Armaments+1","Spot Weakness","Inflame"],"special_seed":0,"relics":["Burning Blood","Golden Idol","Du-Vu Doll","Red Skull","Smiling Mask","Cursed Key","CeramicFish","PreservedInsect","Frozen Eye","Blue Candle","Dream Catcher","SacredBark","Omamori","Strawberry","Vajra","OrangePellets"],"potions_floor_usage":[50,50],"damage_taken":[{"damage":13.0,"enemies":"Jaw Worm","floor":1.0,"turns":5.0},{"damage":1.0,"enemies":"Cultist","floor":2.0,"turns":4.0},{"damage":14.0,"enemies":"Small Slimes","floor":3.0,"turns":4.0},{"damage":1.0,"enemies":"Looter","floor":5.0,"turns":4.0},{"damage":25.0,"enemies":"Gremlin Nob","floor":6.0,"turns":4.0},{"damage":0.0,"enemies":"Gremlin Gang","floor":7.0,"turns":2.0},{"damage":7.0,"enemies":"Large Slime","floor":8.0,"turns":7.0},{"damage":0.0,"enemies":"Exordium Wildlife","floor":11.0,"turns":2.0},{"damage":31.0,"enemies":"Lagavulin","floor":12.0,"turns":7.0},{"damage":1.0,"enemies":"Looter","floor":14.0,"turns":4.0},{"damage":18.0,"enemies":"The Guardian","floor":16.0,"turns":9.0},{"damage":30.0,"enemies":"Shell Parasite","floor":18.0,"turns":6.0},{"damage":0.0,"enemies":"3 Byrds","floor":20.0,"turns":4.0},{"damage":3.0,"enemies":"Centurion and Healer","floor":21.0,"turns":2.0},{"damage":4.0,"enemies":"Cultist and Chosen","floor":22.0,"turns":5.0},{"damage":34.0,"enemies":"Book of Stabbing","floor":23.0,"turns":5.0},{"damage":9.0,"enemies":"Snake Plant","floor":27.0,"turns":4.0},{"damage":9.0,"enemies":"Gremlin Leader","floor":29.0,"turns":4.0},{"damage":4.0,"enemies":"Centurion and Healer","floor":31.0,"turns":8.0},{"damage":41.0,"enemies":"Automaton","floor":33.0,"turns":7.0},{"damage":30.0,"enemies":"Orb Walker","floor":35.0,"turns":6.0},{"damage":0.0,"enemies":"3 Shapes","floor":36.0,"turns":4.0},{"damage":13.0,"enemies":"Maw","floor":37.0,"turns":8.0},{"damage":0.0,"enemies":"3 Darklings","floor":38.0,"turns":1.0},{"damage":0.0,"enemies":"Spire Growth","floor":39.0,"turns":5.0},{"damage":15.0,"enemies":"Reptomancer","floor":42.0,"turns":5.0},{"damage":10.0,"enemies":"Sphere and 2 Shapes","floor":45.0,"turns":5.0},{"damage":9,"enemies":"4 Shapes","floor":47,"turns":4},{"damage":49,"enemies":"Donu and Deca","floor":50,"turns":10}],"seed_played":"6400277646293388283","potions_obtained":[{"floor":1.0,"key":"SteroidPotion"},{"floor":3.0,"key":"SkillPotion"},{"floor":5.0,"key":"SteroidPotion"},{"floor":7.0,"key":"Swift Potion"},{"floor":8.0,"key":"Strength Potion"},{"floor":14.0,"key":"Fire Potion"},{"floor":20.0,"key":"Strength Potion"},{"floor":27.0,"key":"SneckoOil"},{"floor":33.0,"key":"PowerPotion"},{"floor":39.0,"key":"ColorlessPotion"},{"floor":44.0,"key":"HeartOfIron"},{"floor":44.0,"key":"Weak Potion"}],"is_trial":false,"path_per_floor":["M","M","M","?","M","E","M","M","T","R","M","E","R","M","R","B",null,"M","?","M","M","M","E","$","R","T","M","?","E","$","M","R","B",null,"M","M","M","M","M","R","?","E","T","?","M","R","M","$","R","B",null],"character_chosen":"IRONCLAD","items_purchased":["Dark Embrace","PreservedInsect","GamblersBrew","Shrug It Off","Frozen Eye","Disarm","Ancient Potion","Vajra","Spot Weakness","Inflame","OrangePellets"],"campfire_rested":3,"item_purchase_floors":[24,24,24,24,24,30,30,48,48,48,48],"current_hp_per_floor":[65,70,62,62,67,48,54,53,53,53,59,34,34,39,39,27,62,38,31,37,40,42,14,14,36,36,33,33,30,30,32,54,19,60,36,45,41,47,56,56,51,45,52,52,51,51,52,52,82,39],"gold":16,"neow_bonus":"REMOVE_CARD","is_prod":false,"is_daily":false,"chose_seed":false,"campfire_upgraded":5,"win_rate":0,"timestamp":1679347481,"path_taken":["M","M","M","?","M","E","M","M","T","R","M","E","R","M","R","BOSS","M","?","?","M","M","E","$","R","T","M","?","E","$","M","R","BOSS","M","M","M","M","M","R","?","E","T","?","?","R","M","$","R","BOSS"],"build_version":"2022-12-18","purchased_purges":3,"victory":true,"max_hp_per_floor":[80,80,80,74,74,74,74,74,74,74,74,74,74,74,74,74,74,74,74,74,74,74,74,74,74,74,74,74,74,74,74,74,74,74,74,77,80,80,83,83,83,86,93,93,96,96,100,100,100,100],"card_choices":[{"not_picked":["Carnage","Clash"],"picked":"Inflame","floor":1.0},{"not_picked":["Pummel","Wild Strike"],"picked":"Whirlwind","floor":2.0},{"not_picked":["Heavy Blade","Havoc"],"picked":"Bloodletting","floor":3.0},{"not_picked":["Headbutt","Searing Blow"],"picked":"Iron Wave","floor":5.0},{"not_picked":["Warcry","Perfected Strike"],"picked":"Shrug It Off","floor":6.0},{"not_picked":["Warcry","Havoc","Body Slam"],"picked":"SKIP","floor":7.0},{"not_picked":["Havoc","Iron Wave"],"picked":"Thunderclap","floor":8.0},{"not_picked":["Infernal Blade","Pommel Strike"],"picked":"Ghostly Armor","floor":11.0},{"not_picked":["Clothesline","Cleave"],"picked":"Berserk","floor":12.0},{"not_picked":["Body Slam","Sentinel"],"picked":"Shockwave","floor":14.0},{"not_picked":["Bludgeon","Fiend Fire"],"picked":"Corruption","floor":16.0},{"not_picked":["True Grit","Thunderclap"],"picked":"Shrug It Off","floor":18.0},{"not_picked":["Burning Pact","Armaments"],"picked":"Headbutt","floor":20.0},{"not_picked":["Sever Soul","Thunderclap"],"picked":"True Grit","floor":21.0},{"not_picked":["Iron Wave","Evolve"],"picked":"Double Tap","floor":22.0},{"not_picked":["Thunderclap","Clothesline"],"picked":"Armaments","floor":23.0},{"not_picked":["Armaments","Twin Strike","Bloodletting"],"picked":"SKIP","floor":27.0},{"not_picked":["Fire Breathing","Flex","Inflame"],"picked":"SKIP","floor":29.0},{"not_picked":["Flex","Armaments"],"picked":"Spot Weakness","floor":31.0},{"not_picked":["Brutality","Berserk"],"picked":"Feed","floor":33.0},{"not_picked":["Twin Strike","Anger+1"],"picked":"Pommel Strike","floor":35.0},{"not_picked":["Cleave","Body Slam"],"picked":"Ghostly Armor","floor":36.0},{"not_picked":["Sword Boomerang+1","Thunderclap+1"],"picked":"Battle Trance","floor":37.0},{"not_picked":["True Grit","Clothesline"],"picked":"Heavy Blade","floor":38.0},{"not_picked":["Heavy Blade","Clash","Pummel"],"picked":"SKIP","floor":39.0},{"not_picked":["Deep Breath","Bandage Up"],"picked":"Thinking Ahead","floor":41.0},{"not_picked":["Magnetism","Dramatic Entrance"],"picked":"Finesse","floor":41.0},{"not_picked":["Feed","Armaments"],"picked":"Warcry+1","floor":42.0},{"not_picked":["Shockwave","Sever Soul"],"picked":"Armaments+1","floor":45},{"not_picked":["Wild Strike","Berserk","Uppercut"],"picked":"SKIP","floor":47}],"player_experience":750014,"relics_obtained":[{"floor":6.0,"key":"Du-Vu Doll"},{"floor":9.0,"key":"Red Skull"},{"floor":12.0,"key":"Smiling Mask"},{"floor":23.0,"key":"CeramicFish"},{"floor":26.0,"key":"Blue Candle"},{"floor":29.0,"key":"Dream Catcher"},{"floor":42.0,"key":"Omamori"},{"floor":43.0,"key":"Strawberry"}],"event_choices":[{"damage_healed":0.0,"max_hp_gain":0.0,"max_hp_loss":6.0,"gold_gain":0.0,"event_name":"Golden Idol","player_choice":"Lose Max HP","floor":4.0,"gold_loss":0.0,"damage_taken":0.0,"relics_obtained":["Golden Idol"]},{"damage_healed":0.0,"max_hp_gain":0.0,"max_hp_loss":0.0,"gold_gain":75.0,"event_name":"FaceTrader","player_choice":"Touch","floor":19.0,"gold_loss":0.0,"damage_taken":7.0},{"damage_healed":0.0,"max_hp_gain":0.0,"max_hp_loss":0.0,"gold_gain":0.0,"event_name":"Cursed Tome","player_choice":"Ignored","floor":28.0,"gold_loss":0.0,"damage_taken":0.0},{"damage_healed":0.0,"max_hp_gain":0.0,"max_hp_loss":0.0,"gold_gain":0.0,"event_name":"SensoryStone","player_choice":"Memory 2","floor":41.0,"gold_loss":0.0,"damage_taken":5.0},{"damage_healed":0.0,"max_hp_gain":0.0,"max_hp_loss":0.0,"gold_gain":0.0,"event_name":"Lab","player_choice":"Got Potions","floor":44.0,"gold_loss":0.0,"damage_taken":0.0}],"is_beta":false,"boss_relics":[{"not_picked":["Runic Cube","SlaversCollar"],"picked":"Cursed Key"},{"not_picked":["Runic Dome","Tiny House"],"picked":"SacredBark"}],"items_purged_floors":[24,30,48],"is_endless":false,"potions_floor_spawned":[1,3,5,7,8,14,20,27,33,39,47],"ascension_level":13}