{"gold_per_floor":[359,150,150,150,170,195,195,229,229,263,282,296,306,324,324,396,396,412,412,427,427],"floor_reached":21,"playtime":1530,"items_purged":["Strike_R"],"score":345,"play_id":"e2cd138a-0e6d-4274-8b70-78999e100797","local_time":"20230403123958","is_ascension_mode":true,"campfire_choices":[{"data":"Clothesline","floor":7.0,"key":"SMITH"},{"data":"Seeing Red","floor":15.0,"key":"SMITH"}],"neow_cost":"TEN_PERCENT_HP_LOSS","seed_source_timestamp":0,"circlet_count":0,"master_deck":["AscendersBane","Strike_R","Strike_R","Strike_R","Strike_R","Defend_R","Defend_R","Defend_R","Defend_R","Bash+1","Clothesline+1","Flash of Steel","Iron Wave","Immolate","Headbutt","Seeing Red+1","Burning Pact","Feed"],"special_seed":0,"relics":["Burning Blood","Mango","White Beast Statue","Orichalcum","Unceasing Top","Pocketwatch","SlaversCollar"],"potions_floor_usage":[21],"damage_taken":[{"damage":2.0,"enemies":"Jaw Worm","floor":1.0,"turns":3.0},{"damage":0.0,"enemies":"2 Louse","floor":5.0,"turns":2.0},{"damage":19.0,"enemies":"Gremlin Nob","floor":6.0,"turns":4.0},{"damage":10.0,"enemies":"Lagavulin","floor":8.0,"turns":5.0},{"damage":2.0,"enemies":"3 Sentries","floor":10.0,"turns":4.0},{"damage":0.0,"enemies":"Cultist","floor":11.0,"turns":3.0},{"damage":10.0,"enemies":"Gremlin Gang","floor":12.0,"turns":3.0},{"damage":1.0,"enemies":"Looter","floor":13.0,"turns":2.0},{"damage":0.0,"enemies":"Exordium Wildlife","floor":14.0,"turns":2.0},{"damage":36.0,"enemies":"Hexaghost","floor":16.0,"turns":13.0},{"damage":14.0,"enemies":"2 Thieves","floor":18.0,"turns":4.0},{"damage":0.0,"enemies":"3 Byrds","floor":19.0,"turns":1.0},{"damage":59,"enemies":"Shelled Parasite and Fungi","floor":20,"turns":11},{"damage":43,"enemies":"Sentry and Sphere","floor":21,"turns":5}],"seed_played":"3962703022264423822","potions_obtained":[{"floor":1.0,"key":"Explosive Potion"},{"floor":6.0,"key":"SkillPotion"},{"floor":8.0,"key":"BlessingOfTheForge"},{"floor":10.0,"key":"EntropicBrew"},{"floor":11.0,"key":"BlessingOfTheForge"},{"floor":13.0,"key":"Strength Potion"},{"floor":14.0,"key":"EssenceOfSteel"},{"floor":16.0,"key":"Block Potion"},{"floor":18.0,"key":"SmokeBomb"},{"floor":20,"key":"Explosive Potion"}],"is_trial":false,"path_per_floor":["M","$","?","?","M","E","R","E","T","E","M","M","M","M","R","B",null,"M","M","M","M"],"character_chosen":"IRONCLAD","items_purchased":["Fire Potion","Flash of Steel"],"campfire_rested":0,"item_purchase_floors":[2,2],"current_hp_per_floor":[68,68,75,75,81,68,68,64,64,68,74,70,75,81,81,51,74,69,75,25,0],"gold":427,"neow_bonus":"TWO_FIFTY_GOLD","is_prod":false,"is_daily":false,"chose_seed":false,"campfire_upgraded":2,"win_rate":0,"timestamp":1680550798,"path_taken":["M","$","?","?","M","E","R","E","T","E","M","M","M","?","R","BOSS","M","M","?","M"],"build_version":"2022-12-18","purchased_purges":1,"victory":false,"max_hp_per_floor":[68,68,82,82,82,82,82,82,82,82,82,82,82,82,82,82,82,85,85,88,88],"card_choices":[{"not_picked":["Inflame","Clash"],"picked":"Clothesline","floor":1.0},{"not_picked":["Body Slam","Warcry"],"picked":"Iron Wave","floor":5.0},{"not_picked":["Feel No Pain","Rupture"],"picked":"Immolate","floor":6.0},{"not_picked":["Entrench","Twin Strike","Clothesline"],"picked":"SKIP","floor":8.0},{"not_picked":["Flex","Pommel Strike"],"picked":"Headbutt","floor":10.0},{"not_picked":["Warcry","Iron Wave","Headbutt"],"picked":"SKIP","floor":11.0},{"not_picked":["Berserk","Havoc"],"picked":"Seeing Red","floor":12.0},{"not_picked":["Infernal Blade","Warcry","Havoc"],"picked":"SKIP","floor":13.0},{"not_picked":["Wild Strike","Flex"],"picked":"Burning Pact","floor":14.0},{"not_picked":["Barricade","Impervious"],"picked":"Feed","floor":16.0},{"not_picked":["Heavy Blade","Rampage","Body Slam"],"picked":"SKIP","floor":18.0},{"not_picked":["Twin Strike","Anger","Flex"],"picked":"SKIP","floor":20}],"player_experience":782029,"relics_obtained":[{"floor":6.0,"key":"White Beast Statue"},{"floor":8.0,"key":"Orichalcum"},{"floor":9.0,"key":"Unceasing Top"},{"floor":10.0,"key":"Pocketwatch"}],"event_choices":[{"damage_healed":0.0,"max_hp_gain":0.0,"max_hp_loss":0.0,"gold_gain":0.0,"event_name":"Scrap Ooze","player_choice":"Success","floor":3.0,"gold_loss":0.0,"damage_taken":7.0,"relics_obtained":["Mango"]},{"damage_healed":0.0,"max_hp_gain":0.0,"max_hp_loss":0.0,"gold_gain":0.0,"event_name":"Upgrade Shrine","player_choice":"Upgraded","floor":4.0,"gold_loss":0.0,"damage_taken":0.0,"cards_upgraded":["Bash"]}],"is_beta":false,"boss_relics":[{"not_picked":["Runic Dome","Ectoplasm"],"picked":"SlaversCollar"}],"items_purged_floors":[2],"is_endless":false,"potions_floor_spawned":[1,6,8,10,11,12,13,14,16,18,19,20],"killed_by":"Sentry and Sphere","ascension_level":14}