{"gold_per_floor":[16,33,48,63,80,80,111,186,186,186,198,198,226,238,238,314,314,332,351,351,60,60,86,86,86,160,492,492,502,179,192,192,266,266,280,293,293,346,361,386,399,432,432,448,448,475,475,475,475,475],"floor_reached":51,"playtime":5240,"items_purged":["Armaments","Perfected Strike"],"score":1455,"play_id":"40bc9cf9-cef9-43c3-a191-18780712e745","local_time":"20230412145202","is_ascension_mode":true,"campfire_choices":[{"data":"Apotheosis","floor":6.0,"key":"SMITH"},{"floor":10.0,"key":"REST"},{"data":"True Grit","floor":15.0,"key":"SMITH"},{"floor":24.0,"key":"REST"},{"floor":32.0,"key":"REST"},{"data":"1","floor":45.0,"key":"LIFT"},{"floor":49.0,"key":"REST"}],"neow_cost":"NO_GOLD","seed_source_timestamp":0,"circlet_count":0,"master_deck":["AscendersBane","Apotheosis+1","Shrug It Off","Inflame","Anger","Cleave","Twin Strike","Shrug It Off","Finesse","True Grit+1","Demon Form","Barricade","Iron Wave","Pommel Strike","Thunderclap","Rage","Sword Boomerang","Uppercut","Ghostly Armor","Dark Embrace+1","Necronomicurse","Battle Trance","Infernal Blade","Shrug It Off","Dropkick","Corruption","Shrug It Off","Warcry","Entrench","Shrug It Off","Power Through","Disarm","Heavy Blade","Flash of Steel","PanicButton","Dark Shackles"],"special_seed":0,"relics":["Burning Blood","Bottled Lightning","Ornamental Fan","Thread and Needle","Pandora\u0027s Box","Necronomicon","Medical Kit","Kunai","Self Forming Clay","Old Coin","Paper Frog","ClockworkSouvenir","Snecko Eye","Lizard Tail","Girya","Nunchaku","Question Card","Shuriken"],"potions_floor_usage":[50,50],"damage_taken":[{"damage":9.0,"enemies":"Small Slimes","floor":1.0,"turns":4.0},{"damage":1.0,"enemies":"Jaw Worm","floor":2.0,"turns":4.0},{"damage":0.0,"enemies":"Cultist","floor":3.0,"turns":4.0},{"damage":8.0,"enemies":"Blue Slaver","floor":4.0,"turns":5.0},{"damage":11.0,"enemies":"Exordium Wildlife","floor":5.0,"turns":4.0},{"damage":7.0,"enemies":"Gremlin Nob","floor":7.0,"turns":3.0},{"damage":11.0,"enemies":"Looter","floor":11.0,"turns":2.0},{"damage":1.0,"enemies":"Lagavulin","floor":13.0,"turns":5.0},{"damage":0.0,"enemies":"Large Slime","floor":14.0,"turns":3.0},{"damage":4.0,"enemies":"Slime Boss","floor":16.0,"turns":9.0},{"damage":1.0,"enemies":"2 Thieves","floor":18.0,"turns":4.0},{"damage":0.0,"enemies":"Spheric Guardian","floor":19.0,"turns":5.0},{"damage":13.0,"enemies":"Gremlin Leader","floor":23.0,"turns":5.0},{"damage":24.0,"enemies":"Slavers","floor":27.0,"turns":4.0},{"damage":3.0,"enemies":"Shelled Parasite and Fungi","floor":29.0,"turns":5.0},{"damage":0.0,"enemies":"3 Cultists","floor":31.0,"turns":4.0},{"damage":27.0,"enemies":"Automaton","floor":33.0,"turns":7.0},{"damage":0.0,"enemies":"Orb Walker","floor":35.0,"turns":3.0},{"damage":0.0,"enemies":"3 Darklings","floor":36.0,"turns":4.0},{"damage":0.0,"enemies":"2 Orb Walkers","floor":38.0,"turns":3.0},{"damage":0.0,"enemies":"Transient","floor":39.0,"turns":5.0},{"damage":0.0,"enemies":"Giant Head","floor":40.0,"turns":6.0},{"damage":0.0,"enemies":"Sphere and 2 Shapes","floor":41.0,"turns":5.0},{"damage":0.0,"enemies":"Nemesis","floor":42.0,"turns":3.0},{"damage":23.0,"enemies":"Jaw Worm Horde","floor":44.0,"turns":3.0},{"damage":0.0,"enemies":"Giant Head","floor":46.0,"turns":5.0},{"damage":9,"enemies":"Donu and Deca","floor":50,"turns":7}],"seed_played":"5758638482988969057","potions_obtained":[{"floor":1.0,"key":"BlessingOfTheForge"},{"floor":11.0,"key":"Swift Potion"},{"floor":13.0,"key":"Ancient Potion"},{"floor":14.0,"key":"Strength Potion"},{"floor":18.0,"key":"PowerPotion"},{"floor":19.0,"key":"Energy Potion"},{"floor":31.0,"key":"FearPotion"},{"floor":39.0,"key":"Dexterity Potion"},{"floor":41.0,"key":"PowerPotion"}],"is_trial":false,"path_per_floor":["M","M","M","M","M","R","E","?","T","R","M","?","E","M","R","B",null,"M","M","?","$","?","E","R","$","T","E","T","M","$","M","R","B",null,"M","M","?","?","M","E","M","E","T","M","R","E","?","?","R","B",null],"character_chosen":"IRONCLAD","items_purchased":["Medical Kit","Battle Trance","DistilledChaos","ClockworkSouvenir"],"campfire_rested":4,"item_purchase_floors":[21,21,30,30],"current_hp_per_floor":[65,70,75,73,68,68,67,56,56,75,70,70,75,75,75,75,75,75,75,59,59,59,52,74,74,74,56,56,59,59,65,75,54,70,75,75,75,75,75,75,75,75,75,58,58,64,54,54,75,72],"gold":475,"neow_bonus":"RANDOM_COLORLESS_2","is_prod":false,"is_daily":false,"chose_seed":false,"campfire_upgraded":2,"win_rate":0,"timestamp":1681336322,"path_taken":["M","M","M","M","M","R","E","?","T","R","M","?","E","M","R","BOSS","BOSS","M","M","?","$","?","E","R","?","T","E","?","M","$","M","R","BOSS","M","M","?","?","M","E","M","E","T","M","R","E","?","?","R","BOSS"],"build_version":"2022-12-18","purchased_purges":2,"victory":true,"max_hp_per_floor":[75,75,75,75,75,75,75,75,75,75,75,75,75,75,75,75,75,75,75,75,75,75,75,75,75,75,75,75,75,75,75,75,75,75,75,75,75,75,75,75,75,75,75,75,75,75,75,75,75,75],"card_choices":[{"not_picked":["Thinking Ahead","Secret Technique"],"picked":"Apotheosis","floor":0.0},{"not_picked":["Sword Boomerang","Perfected Strike"],"picked":"Shrug It Off","floor":1.0},{"not_picked":["Perfected Strike","Flex"],"picked":"Inflame","floor":2.0},{"not_picked":["Feel No Pain","Cleave"],"picked":"Anger","floor":3.0},{"not_picked":["Power Through","Havoc"],"picked":"Cleave","floor":4.0},{"not_picked":["Flex","Thunderclap"],"picked":"Twin Strike","floor":5.0},{"not_picked":["Iron Wave","Perfected Strike","Berserk"],"picked":"SKIP","floor":7.0},{"not_picked":["Iron Wave","Berserk"],"picked":"Perfected Strike","floor":7.0},{"not_picked":["Whirlwind","Metallicize"],"picked":"Shrug It Off","floor":11.0},{"not_picked":["Iron Wave","Ghostly Armor","Anger"],"picked":"SKIP","floor":13.0},{"not_picked":["Searing Blow","Clothesline","Havoc"],"picked":"SKIP","floor":14.0},{"not_picked":["Bludgeon","Reaper"],"picked":"Demon Form","floor":16.0},{"not_picked":["Sword Boomerang","Heavy Blade"],"picked":"Ghostly Armor","floor":18.0},{"not_picked":["True Grit","Rage"],"picked":"Dark Embrace+1","floor":19.0},{"not_picked":["Twin Strike","Cleave"],"picked":"Infernal Blade","floor":23.0},{"not_picked":["Thunderclap","Perfected Strike","Rampage"],"picked":"SKIP","floor":27.0},{"not_picked":["Rupture+1","Clothesline"],"picked":"Shrug It Off","floor":29.0},{"not_picked":["Wild Strike","Clothesline"],"picked":"Dropkick","floor":31.0},{"not_picked":["Impervious","Double Tap"],"picked":"Corruption","floor":33.0},{"not_picked":["Armaments","Spot Weakness"],"picked":"Shrug It Off","floor":35.0},{"not_picked":["Havoc","Wild Strike"],"picked":"Warcry","floor":36.0},{"not_picked":["Ghostly Armor","Headbutt"],"picked":"Entrench","floor":38.0},{"not_picked":["Thunderclap","Fiend Fire"],"picked":"Shrug It Off","floor":39.0},{"not_picked":["Iron Wave","Burning Pact"],"picked":"Power Through","floor":40.0},{"not_picked":["Pommel Strike","Armaments+1"],"picked":"Disarm","floor":41.0},{"not_picked":["Iron Wave+1","Havoc+1","Blood for Blood"],"picked":"SKIP","floor":42.0},{"not_picked":["Iron Wave+1","Havoc+1","Blood for Blood"],"picked":"SKIP","floor":42.0},{"not_picked":["Armaments","Spot Weakness","Cleave","True Grit"],"picked":"SKIP","floor":44.0},{"not_picked":["Thunderclap+1","Combust+1","Impervious"],"picked":"Heavy Blade","floor":46.0},{"not_picked":["Jack Of All Trades","Discovery","Swift Strike"],"picked":"Flash of Steel","floor":47.0},{"not_picked":["Good Instincts","Blind","Jack Of All Trades"],"picked":"PanicButton","floor":47.0},{"not_picked":["Impatience","Forethought","PanicButton"],"picked":"Dark Shackles","floor":47.0}],"player_experience":793933,"relics_obtained":[{"floor":7.0,"key":"Bottled Lightning"},{"floor":9.0,"key":"Ornamental Fan"},{"floor":13.0,"key":"Thread and Needle"},{"floor":20.0,"key":"Necronomicon"},{"floor":23.0,"key":"Kunai"},{"floor":26.0,"key":"Self Forming Clay"},{"floor":27.0,"key":"Old Coin"},{"floor":28.0,"key":"Paper Frog"},{"floor":38.0,"key":"Lizard Tail"},{"floor":40.0,"key":"Girya"},{"floor":42.0,"key":"Nunchaku"},{"floor":43.0,"key":"Question Card"},{"floor":46.0,"key":"Shuriken"}],"event_choices":[{"damage_healed":0.0,"max_hp_gain":0.0,"max_hp_loss":0.0,"gold_gain":75.0,"event_name":"World of Goop","player_choice":"Gather Gold","floor":8.0,"gold_loss":0.0,"damage_taken":11.0},{"damage_healed":0.0,"max_hp_gain":0.0,"max_hp_loss":0.0,"gold_gain":0.0,"event_name":"Match and Keep!","player_choice":"2 cards matched","floor":12.0,"gold_loss":0.0,"damage_taken":0.0,"cards_obtained":["Finesse","True Grit"]},{"damage_healed":0.0,"max_hp_gain":0.0,"max_hp_loss":0.0,"gold_gain":0.0,"event_name":"Cursed Tome","player_choice":"Obtained Book","floor":20.0,"gold_loss":0.0,"damage_taken":16.0},{"cards_removed":["Bash"],"damage_healed":0.0,"max_hp_gain":0.0,"max_hp_loss":0.0,"gold_gain":0.0,"event_name":"Back to Basics","player_choice":"Elegance","floor":22.0,"gold_loss":0.0,"damage_taken":0.0},{"damage_healed":0.0,"max_hp_gain":0.0,"max_hp_loss":0.0,"gold_gain":0.0,"event_name":"Tomb of Lord Red Mask","player_choice":"Ignored","floor":37.0,"gold_loss":0.0,"damage_taken":0.0},{"damage_healed":0.0,"max_hp_gain":0.0,"max_hp_loss":0.0,"gold_gain":0.0,"event_name":"Mysterious Sphere","player_choice":"Fight","floor":38.0,"gold_loss":0.0,"damage_taken":0.0},{"damage_healed":0.0,"max_hp_gain":0.0,"max_hp_loss":0.0,"gold_gain":0.0,"event_name":"SensoryStone","player_choice":"Memory 3","floor":47.0,"gold_loss":0.0,"damage_taken":10.0},{"cards_removed":["Headbutt"],"damage_healed":0.0,"max_hp_gain":0.0,"max_hp_loss":0.0,"gold_gain":0.0,"event_name":"Falling","player_choice":"Removed Attack","floor":48.0,"gold_loss":0.0,"damage_taken":0.0}],"is_beta":false,"boss_relics":[{"not_picked":["Busted Crown","Cursed Key"],"picked":"Pandora\u0027s Box"},{"not_picked":["Astrolabe","Empty Cage"],"picked":"Snecko Eye"}],"items_purged_floors":[21,30],"is_endless":false,"potions_floor_spawned":[1,11,13,14,18,19,31,39,40,41,46],"ascension_level":14}