{"gold_per_floor":[109,109,122,47,62,95,176,176,176,6,22,57,57,67,67,139,139,153,172,188,103,103,103,121,121,192,207,207,236,111,131,131,203,203,223,237,237,252,271,271,284,284,284,313,62,109,109,109,109,109],"floor_reached":51,"playtime":4008,"items_purged":["Strike_R","Strike_R","Strike_R","Regret"],"score":1150,"play_id":"8c0eee1b-f7d6-431b-a05e-86dd2855ea1d","local_time":"20230523003623","is_ascension_mode":true,"campfire_choices":[{"data":"Uppercut","floor":8.0,"key":"SMITH"},{"data":"Whirlwind","floor":13.0,"key":"SMITH"},{"data":"Shockwave","floor":15.0,"key":"SMITH"},{"data":"Armaments","floor":23.0,"key":"SMITH"},{"data":"Ghostly","floor":25.0,"key":"SMITH"},{"data":"Ghostly","floor":32.0,"key":"SMITH"},{"data":"Ghostly","floor":40,"key":"SMITH"},{"data":"Spot Weakness","floor":49,"key":"SMITH"}],"neow_cost":"NONE","seed_source_timestamp":0,"circlet_count":0,"master_deck":["AscendersBane","Strike_R","Defend_R","Defend_R","Defend_R","Defend_R","Bash","Whirlwind+1","Uppercut+1","Shockwave+1","Iron Wave","Spot Weakness+1","Shrug It Off","Double Tap","Sword Boomerang","Pommel Strike","Armaments+1","Ghostly+1","Ghostly+1","Ghostly+1","Headbutt","Shrug It Off","Reaper","Battle Trance","Shrug It Off","Warcry","Metamorphosis"],"special_seed":0,"relics":["Burning Blood","NeowsBlessing","Nunchaku","HornCleat","Lantern","Pen Nib","Coffee Dripper","Orichalcum","Pantograph","Eternal Feather","Cursed Key","Letter Opener","Mercury Hourglass","Ice Cream"],"potions_floor_usage":[33,36,50],"damage_taken":[{"damage":0.0,"enemies":"Small Slimes","floor":1.0,"turns":1.0},{"damage":0.0,"enemies":"Cultist","floor":3.0,"turns":1.0},{"damage":0.0,"enemies":"Jaw Worm","floor":5.0,"turns":1.0},{"damage":28.0,"enemies":"Gremlin Nob","floor":6.0,"turns":4.0},{"damage":0.0,"enemies":"Lots of Slimes","floor":11.0,"turns":1.0},{"damage":19.0,"enemies":"Lagavulin","floor":12.0,"turns":9.0},{"damage":0.0,"enemies":"2 Fungi Beasts","floor":14.0,"turns":3.0},{"damage":20.0,"enemies":"Slime Boss","floor":16.0,"turns":10.0},{"damage":0.0,"enemies":"3 Byrds","floor":18.0,"turns":2.0},{"damage":1.0,"enemies":"Shell Parasite","floor":19.0,"turns":4.0},{"damage":13.0,"enemies":"Sentry and Sphere","floor":20.0,"turns":5.0},{"damage":0.0,"enemies":"Centurion and Healer","floor":24.0,"turns":4.0},{"damage":0.0,"enemies":"3 Cultists","floor":27.0,"turns":4.0},{"damage":4.0,"enemies":"Book of Stabbing","floor":29.0,"turns":6.0},{"damage":8.0,"enemies":"Shelled Parasite and Fungi","floor":31.0,"turns":6.0},{"damage":13,"enemies":"Champ","floor":33,"turns":10},{"damage":0,"enemies":"Orb Walker","floor":35,"turns":4},{"damage":0,"enemies":"3 Darklings","floor":36,"turns":3},{"damage":6,"enemies":"Maw","floor":38,"turns":9},{"damage":6,"enemies":"Sphere and 2 Shapes","floor":39,"turns":5},{"damage":0,"enemies":"Transient","floor":41,"turns":5},{"damage":20,"enemies":"Reptomancer","floor":44,"turns":7},{"damage":4,"enemies":"2 Orb Walkers","floor":46,"turns":3},{"damage":13,"enemies":"Time Eater","floor":50,"turns":9}],"seed_played":"-6733113515594442284","potions_obtained":[{"floor":1.0,"key":"SteroidPotion"},{"floor":5.0,"key":"Dexterity Potion"},{"floor":12.0,"key":"EssenceOfSteel"},{"floor":16.0,"key":"CultistPotion"},{"floor":19.0,"key":"Energy Potion"},{"floor":24.0,"key":"BloodPotion"},{"floor":33,"key":"Explosive Potion"},{"floor":36,"key":"FearPotion"},{"floor":44,"key":"Fire Potion"}],"is_trial":false,"path_per_floor":["M","?","M","$","M","E","T","R","T","$","M","E","R","M","R","B",null,"M","M","M","?","?","R","M","R","T","M","?","E","$","M","R","B",null,"M","M","T","M","M","R","M","?","T","E","$","?","?","$","R","B",null],"character_chosen":"IRONCLAD","items_purchased":["Shockwave","Shrug It Off","Dexterity Potion"],"campfire_rested":0,"item_purchase_floors":[10,45,45],"current_hp_per_floor":[74,74,75,75,75,53,53,53,53,53,59,46,46,52,52,38,66,72,75,68,68,37,37,37,37,37,37,37,37,37,35,37,30,35,37,37,37,37,37,37,37,37,37,37,37,37,32,32,37,30],"gold":109,"neow_bonus":"THREE_ENEMY_KILL","is_prod":false,"is_daily":false,"chose_seed":false,"campfire_upgraded":8,"win_rate":0,"timestamp":1684827383,"path_taken":["M","?","?","?","M","E","?","R","T","$","M","E","R","M","R","BOSS","BOSS","M","M","?","?","?","R","M","R","T","M","?","E","$","M","R","BOSS","M","M","?","M","M","R","?","?","T","E","$","?","?","?","R","BOSS"],"build_version":"2022-12-18","purchased_purges":4,"victory":true,"max_hp_per_floor":[75,75,75,75,75,75,75,75,75,75,75,75,75,75,75,75,75,75,75,75,75,37,37,37,37,37,37,37,37,37,37,37,37,37,37,37,37,37,37,37,37,37,37,37,37,37,37,37,37,37],"card_choices":[{"not_picked":["Anger","Armaments"],"picked":"Whirlwind","floor":1.0},{"not_picked":["True Grit","Pommel Strike"],"picked":"Uppercut","floor":3.0},{"not_picked":["Cleave","Havoc","Wild Strike"],"picked":"SKIP","floor":5.0},{"not_picked":["Wild Strike","Perfected Strike","Feel No Pain"],"picked":"SKIP","floor":6.0},{"not_picked":["Reckless Charge","Pommel Strike"],"picked":"Iron Wave","floor":11.0},{"not_picked":["Iron Wave","Evolve"],"picked":"Spot Weakness","floor":12.0},{"not_picked":["Heavy Blade","Searing Blow"],"picked":"Shrug It Off","floor":14.0},{"not_picked":["Barricade","Bludgeon"],"picked":"Double Tap","floor":16.0},{"not_picked":["Twin Strike","Pommel Strike"],"picked":"Sword Boomerang","floor":18.0},{"not_picked":["Clash","Iron Wave"],"picked":"Pommel Strike","floor":19.0},{"not_picked":["Reckless Charge","Pommel Strike"],"picked":"Armaments","floor":20.0},{"not_picked":["Thunderclap","Pummel"],"picked":"Headbutt","floor":24.0},{"not_picked":["Reaper","Body Slam+1"],"picked":"Shrug It Off","floor":27.0},{"not_picked":["Entrench","Armaments","Sword Boomerang"],"picked":"SKIP","floor":29.0},{"not_picked":["Entrench","Armaments","Sword Boomerang"],"picked":"SKIP","floor":29.0},{"not_picked":["Twin Strike","Body Slam","Power Through"],"picked":"SKIP","floor":31.0},{"not_picked":["Bludgeon","Immolate"],"picked":"Reaper","floor":33},{"not_picked":["Blood for Blood+1","Body Slam","Clothesline+1"],"picked":"SKIP","floor":35},{"not_picked":["Combust","Havoc","Wild Strike"],"picked":"SKIP","floor":36},{"not_picked":["Perfected Strike","Havoc","Iron Wave+1"],"picked":"SKIP","floor":38},{"not_picked":["Pommel Strike","Spot Weakness","Twin Strike"],"picked":"SKIP","floor":39},{"not_picked":["Rampage","Whirlwind"],"picked":"Battle Trance","floor":41},{"not_picked":["Anger","Clothesline","Hemokinesis"],"picked":"SKIP","floor":44},{"not_picked":["Body Slam+1","Cleave+1"],"picked":"Warcry","floor":46},{"not_picked":["HandOfGreed","Secret Weapon"],"picked":"Metamorphosis","floor":47}],"player_experience":820981,"relics_obtained":[{"floor":6.0,"key":"Nunchaku"},{"floor":7.0,"key":"HornCleat"},{"floor":9.0,"key":"Lantern"},{"floor":12.0,"key":"Pen Nib"},{"floor":26.0,"key":"Pantograph"},{"floor":29.0,"key":"Eternal Feather"},{"floor":43,"key":"Letter Opener"},{"floor":44,"key":"Mercury Hourglass"},{"floor":46,"key":"Ice Cream"}],"event_choices":[{"cards_removed":["Strike_R"],"damage_healed":0.0,"max_hp_gain":0.0,"max_hp_loss":0.0,"gold_gain":0.0,"event_name":"Bonfire Elementals","player_choice":"Offered Basic","floor":2.0,"gold_loss":0.0,"damage_taken":0.0},{"damage_healed":0.0,"max_hp_gain":0.0,"max_hp_loss":0.0,"gold_gain":0.0,"event_name":"Addict","player_choice":"Obtained Relic","floor":21.0,"gold_loss":85.0,"damage_taken":0.0,"relics_obtained":["Orichalcum"]},{"damage_healed":0.0,"max_hp_gain":0.0,"max_hp_loss":38.0,"gold_gain":0.0,"event_name":"Ghosts","player_choice":"Became a Ghost","floor":22.0,"gold_loss":0.0,"damage_taken":0.0,"cards_obtained":["Ghostly","Ghostly","Ghostly"]},{"damage_healed":0.0,"max_hp_gain":0.0,"max_hp_loss":0.0,"gold_gain":0.0,"event_name":"Lab","player_choice":"Got Potions","floor":28.0,"gold_loss":0.0,"damage_taken":0.0},{"damage_healed":0,"gold_gain":0,"player_choice":"Ignored","damage_taken":0,"max_hp_gain":0,"max_hp_loss":0,"event_name":"Tomb of Lord Red Mask","floor":42,"gold_loss":0},{"damage_healed":0,"gold_gain":0,"player_choice":"Fight","damage_taken":0,"max_hp_gain":0,"max_hp_loss":0,"event_name":"Mysterious Sphere","floor":46,"gold_loss":0},{"damage_healed":0,"gold_gain":0,"player_choice":"Memory 2","damage_taken":5,"max_hp_gain":0,"max_hp_loss":0,"event_name":"SensoryStone","floor":47,"gold_loss":0}],"is_beta":false,"boss_relics":[{"not_picked":["Runic Dome","Snecko Eye"],"picked":"Coffee Dripper"},{"not_picked":["Black Star","Runic Pyramid"],"picked":"Cursed Key"}],"items_purged_floors":[4,10,30,45],"is_endless":false,"potions_floor_spawned":[1,5,12,16,19,24,33,36,44,46],"ascension_level":15}