{"gold_per_floor":[119,119,194,194,43,73,93,105,105,120,120,147,167,179,179,258,258,273,287,310,323,598,598,615,640,687,687],"floor_reached":27,"playtime":1917,"items_purged":["Strike_R"],"score":486,"play_id":"94af238e-61b2-482d-809f-6334a0bb2f83","local_time":"20230728235705","is_ascension_mode":true,"campfire_choices":[{"data":"Inflame","floor":11,"key":"SMITH"},{"data":"Barricade","floor":15,"key":"SMITH"},{"data":"True Grit","floor":23,"key":"SMITH"}],"neow_cost":"NONE","seed_source_timestamp":1439397045468300,"circlet_count":0,"master_deck":["AscendersBane","Strike_R","Strike_R+1","Strike_R+1","Defend_R","Defend_R","Defend_R","Defend_R","Bash","Sword Boomerang","Inflame+1","Anger","Shrug It Off","Twin Strike","Disarm","True Grit+1","Shrug It Off","Disarm","Whirlwind","Barricade+1","Pommel Strike","Feed","Headbutt+1","Battle Trance","Ghostly Armor"],"relics":["Burning Blood","NeowsBlessing","Prayer Wheel","Letter Opener","Omamori","Calling Bell","Pen Nib","InkBottle","Pocketwatch","Bottled Tornado","Bag of Marbles"],"potions_floor_usage":[10,16,24,27],"damage_taken":[{"damage":0,"enemies":"Cultist","floor":1,"turns":1},{"damage":0,"enemies":"Gremlin Nob","floor":6,"turns":1},{"damage":0,"enemies":"Small Slimes","floor":7,"turns":1},{"damage":2,"enemies":"2 Louse","floor":8,"turns":2},{"damage":2,"enemies":"Exordium Wildlife","floor":10,"turns":4},{"damage":23,"enemies":"3 Sentries","floor":12,"turns":7},{"damage":7,"enemies":"Red Slaver","floor":13,"turns":4},{"damage":7,"enemies":"Large Slime","floor":14,"turns":6},{"damage":5,"enemies":"Slime Boss","floor":16,"turns":5},{"damage":2,"enemies":"Chosen","floor":18,"turns":6},{"damage":0,"enemies":"3 Byrds","floor":19,"turns":3},{"damage":11,"enemies":"Centurion and Healer","floor":21,"turns":8},{"damage":8,"enemies":"Shelled Parasite and Fungi","floor":24,"turns":5},{"damage":22,"enemies":"Book of Stabbing","floor":25,"turns":9},{"damage":58,"enemies":"Slavers","floor":27,"turns":5}],"seed_played":"-1663567874824592431","potions_obtained":[{"floor":1,"key":"SkillPotion"},{"floor":8,"key":"BlessingOfTheForge"},{"floor":13,"key":"Swift Potion"},{"floor":14,"key":"SteroidPotion"},{"floor":16,"key":"ColorlessPotion"},{"floor":19,"key":"DuplicationPotion"},{"floor":25,"key":"SteroidPotion"}],"is_trial":false,"path_per_floor":["M","?","?","?","$","E","M","M","T","M","R","E","M","M","R","B",null,"M","M","T","M","?","R","M","E","T","E"],"character_chosen":"IRONCLAD","items_purchased":["Inflame"],"campfire_rested":0,"item_purchase_floors":[5],"current_hp_per_floor":[74,51,40,40,40,46,52,56,56,60,60,43,42,41,41,42,67,71,78,78,76,76,76,74,58,58,0],"gold":687,"neow_bonus":"THREE_ENEMY_KILL","is_prod":false,"is_daily":false,"chose_seed":false,"campfire_upgraded":3,"win_rate":0,"timestamp":1690613825,"path_taken":["M","?","?","?","$","E","M","M","T","M","R","E","?","M","R","BOSS","M","M","?","M","?","R","?","E","T","E"],"build_version":"2022-12-18","purchased_purges":1,"victory":false,"max_hp_per_floor":[75,75,75,75,75,75,75,75,75,75,75,75,75,75,75,75,75,75,78,78,81,81,81,81,81,81,81],"card_choices":[{"not_picked":["Burning Pact","Rupture","Flex"],"picked":"SKIP","floor":1},{"not_picked":["Feel No Pain","Body Slam"],"picked":"Anger","floor":6},{"not_picked":["Body Slam","Heavy Blade"],"picked":"Shrug It Off","floor":7},{"not_picked":["Body Slam","Heavy Blade"],"picked":"Twin Strike","floor":7},{"not_picked":["Twin Strike","Havoc"],"picked":"Disarm","floor":8},{"not_picked":["Body Slam","Iron Wave","Hemokinesis"],"picked":"SKIP","floor":8},{"not_picked":["Headbutt","Flex"],"picked":"True Grit","floor":10},{"not_picked":["Blood for Blood","Bludgeon","Evolve"],"picked":"SKIP","floor":10},{"not_picked":["Twin Strike","Uppercut"],"picked":"Shrug It Off","floor":12},{"not_picked":["Anger","Warcry"],"picked":"Disarm","floor":13},{"not_picked":["Sentinel","Intimidate"],"picked":"Whirlwind","floor":13},{"not_picked":["Thunderclap","Pommel Strike"],"picked":"Barricade","floor":14},{"not_picked":["Inflame","Havoc"],"picked":"Pommel Strike","floor":14},{"not_picked":["Offering","Immolate"],"picked":"Feed","floor":16},{"not_picked":["Flex","Searing Blow","Cleave"],"picked":"SKIP","floor":18},{"not_picked":["Heavy Blade","Thunderclap","Barricade"],"picked":"SKIP","floor":18},{"not_picked":["Anger+1","Iron Wave","Wild Strike"],"picked":"SKIP","floor":19},{"not_picked":["Thunderclap","Anger","Dark Embrace"],"picked":"SKIP","floor":19},{"not_picked":["Inflame","Perfected Strike"],"picked":"Headbutt+1","floor":21},{"not_picked":["Second Wind+1","Rampage","True Grit"],"picked":"SKIP","floor":21},{"not_picked":["Twin Strike","True Grit"],"picked":"Battle Trance","floor":24},{"not_picked":["Body Slam","Sever Soul"],"picked":"Ghostly Armor","floor":24},{"not_picked":["Rage","Rupture","Burning Pact"],"picked":"SKIP","floor":25}],"player_experience":836641,"relics_obtained":[{"floor":6,"key":"Prayer Wheel"},{"floor":9,"key":"Letter Opener"},{"floor":12,"key":"Omamori"},{"floor":17,"key":"Pen Nib"},{"floor":17,"key":"InkBottle"},{"floor":17,"key":"Pocketwatch"},{"floor":25,"key":"Bottled Tornado"},{"floor":26,"key":"Bag of Marbles"}],"event_choices":[{"damage_healed":0,"gold_gain":0,"player_choice":"Entered Light","damage_taken":23,"max_hp_gain":0,"max_hp_loss":0,"event_name":"Shining Light","floor":2,"gold_loss":0,"cards_upgraded":["Strike_R","Strike_R"]},{"damage_healed":0,"gold_gain":75,"player_choice":"Gather Gold","damage_taken":11,"max_hp_gain":0,"max_hp_loss":0,"event_name":"World of Goop","floor":3,"gold_loss":0},{"damage_healed":0,"gold_gain":0,"cards_transformed":["Strike_R"],"player_choice":"Change","damage_taken":0,"max_hp_gain":0,"max_hp_loss":0,"event_name":"Living Wall","floor":4,"gold_loss":0,"cards_obtained":["Sword Boomerang"]},{"damage_healed":0,"gold_gain":275,"player_choice":"Desecrate","damage_taken":0,"max_hp_gain":0,"max_hp_loss":0,"event_name":"Golden Shrine","floor":22,"gold_loss":0,"cards_obtained":["Regret"]}],"is_beta":false,"boss_relics":[{"not_picked":["Snecko Eye","Black Star"],"picked":"Calling Bell"}],"items_purged_floors":[5],"is_endless":false,"potions_floor_spawned":[1,8,13,14,16,19,21,25],"killed_by":"Slavers","ascension_level":16}