{"gold_per_floor":[112,125,141,141,17,17,51,51,51,62,62,137,206,263,263,364,364,399,22,85,145,145,145,59,116,116,152,180,205,216,231,231,359,359,400,400,29,42,80,80,106,184,265,265,328,328,340,350,350,350],"floor_reached":51,"playtime":5597,"items_purged":["Regret","Strike_R","Bite+1","Quick Slash"],"score":840,"play_id":"20e86f9f-b17f-4bd4-adec-9245c59a7376","local_time":"20230819233346","is_ascension_mode":true,"campfire_choices":[{"data":"Bash","floor":6.0,"key":"SMITH"},{"data":"SashWhip","floor":15.0,"key":"SMITH"},{"data":"Feel No Pain","floor":23.0,"key":"SMITH"},{"floor":32.0,"key":"REST"},{"data":"Armaments","floor":40.0,"key":"SMITH"},{"data":"Dark Embrace","floor":44.0,"key":"SMITH"},{"data":"Setup","floor":46.0,"key":"SMITH"},{"data":"Reprogram","floor":49.0,"key":"SMITH"}],"neow_cost":"NONE","seed_source_timestamp":0,"circlet_count":0,"master_deck":["Defend_R+1","Defend_R","Defend_R","Defend_R","Bash+1","SashWhip+1","Headbutt+1","HandOfGreed+1","Sever Soul+1","JustLucky+1","Wallop+1","Seek","CurseOfTheBell","Tantrum+1","Feel No Pain+1","Pommel Strike+1","Bite+1","Bite+1","Bite+1","Bite+1","Dark Embrace+1","Burning Pact","Setup+1","Leap","Reprogram+1","Shrug It Off","Storm of Steel","Iron Wave+1","Madness","Madness","Pommel Strike+1","Armaments+1","Backflip","InnerPeace","Venomology","Doubt","Blur+1","Blade Dance+1"],"special_seed":0,"relics":["PrismaticShard","Philosopher\u0027s Stone","Molten Egg 2","Kunai","Shuriken","Toy Ornithopter","Calling Bell","Smiling Mask","InkBottle","Pocketwatch","Paper Frog","Mango","Red Skull","Cursed Key","Ornamental Fan","Orichalcum","Lizard Tail","Self Forming Clay"],"potions_floor_usage":[50],"damage_taken":[{"damage":0.0,"enemies":"Cultist","floor":1.0,"turns":4.0},{"damage":0.0,"enemies":"2 Louse","floor":2.0,"turns":2.0},{"damage":0.0,"enemies":"Small Slimes","floor":3.0,"turns":2.0},{"damage":15.0,"enemies":"3 Sentries","floor":7.0,"turns":7.0},{"damage":4.0,"enemies":"Exordium Wildlife","floor":10.0,"turns":4.0},{"damage":0.0,"enemies":"3 Louse","floor":13.0,"turns":3.0},{"damage":0.0,"enemies":"Lagavulin","floor":14.0,"turns":3.0},{"damage":1.0,"enemies":"Hexaghost","floor":16.0,"turns":7.0},{"damage":0.0,"enemies":"Spheric Guardian","floor":18.0,"turns":3.0},{"damage":0.0,"enemies":"3 Byrds","floor":20.0,"turns":5.0},{"damage":20.0,"enemies":"Centurion and Healer","floor":21.0,"turns":4.0},{"damage":18.0,"enemies":"Slavers","floor":25.0,"turns":7.0},{"damage":10.0,"enemies":"Shelled Parasite and Fungi","floor":27.0,"turns":6.0},{"damage":36.0,"enemies":"Gremlin Leader","floor":28.0,"turns":6.0},{"damage":24.0,"enemies":"Colosseum Slavers","floor":29.0,"turns":5.0},{"damage":0.0,"enemies":"Snecko","floor":30.0,"turns":2.0},{"damage":13.0,"enemies":"Snake Plant","floor":31.0,"turns":3.0},{"damage":42.0,"enemies":"Automaton","floor":33.0,"turns":13.0},{"damage":0.0,"enemies":"Orb Walker","floor":35.0,"turns":3.0},{"damage":41.0,"enemies":"3 Darklings","floor":38.0,"turns":15.0},{"damage":11.0,"enemies":"Writhing Mass","floor":39.0,"turns":6.0},{"damage":0.0,"enemies":"Giant Head","floor":41.0,"turns":8.0},{"damage":7.0,"enemies":"2 Orb Walkers","floor":42.0,"turns":4.0},{"damage":0.0,"enemies":"Jaw Worm Horde","floor":45.0,"turns":5.0},{"damage":19.0,"enemies":"Spire Growth","floor":47.0,"turns":7.0},{"damage":4.0,"enemies":"Writhing Mass","floor":48.0,"turns":7.0},{"damage":37,"enemies":"Time Eater","floor":50,"turns":11}],"seed_played":"1468145431191357012","potions_obtained":[{"floor":2.0,"key":"Ancient Potion"},{"floor":7.0,"key":"Block Potion"},{"floor":10.0,"key":"Block Potion"},{"floor":16.0,"key":"Regen Potion"},{"floor":18.0,"key":"HeartOfIron"},{"floor":31.0,"key":"Weak Potion"},{"floor":35.0,"key":"Explosive Potion"},{"floor":39.0,"key":"GamblersBrew"},{"floor":45.0,"key":"Dexterity Potion"}],"is_trial":false,"path_per_floor":["M","M","M","?","$","R","E","?","T","M","?","?","M","E","R","B",null,"M","$","M","M","?","R","$","E","T","M","E","?","M","M","R","B",null,"M","?","$","M","M","R","E","?","T","R","M","R","M","M","R","B",null],"character_chosen":"IRONCLAD","basemod:card_modifiers":[null,null,null,null,null,null,null,null,null,null,null,null,null,null,null,null,null,null,null,null,null,null,null,null,null,null,null,null,null,null,null,null,null,null,null,null,null,null],"items_purchased":["BlessingOfTheForge","Feel No Pain","Paper Frog","Dark Embrace","Pommel Strike+1","Armaments","Ornamental Fan"],"campfire_rested":1,"item_purchase_floors":[5,19,19,24,37,37,37],"current_hp_per_floor":[80,80,80,80,80,80,65,49,49,45,45,34,34,34,34,33,80,80,80,80,60,56,56,56,70,70,66,36,27,33,32,53,61,70,70,61,61,56,60,60,70,70,70,70,70,70,58,68,68,48],"gold":350,"neow_bonus":"BOSS_RELIC","is_prod":false,"is_daily":false,"chose_seed":false,"campfire_upgraded":7,"win_rate":0,"timestamp":1692513226,"path_taken":["M","M","M","?","$","R","E","?","T","M","?","?","?","E","R","BOSS","M","$","M","M","?","R","$","E","T","M","E","?","?","M","R","BOSS","M","?","$","M","M","R","E","?","T","R","M","R","M","M","R","BOSS"],"build_version":"2022-12-18","purchased_purges":4,"victory":true,"max_hp_per_floor":[80,80,80,80,80,80,80,80,80,80,80,80,80,80,80,80,80,80,80,80,80,56,56,56,70,70,70,70,70,70,70,70,70,70,70,70,70,70,70,70,70,70,70,70,70,70,70,70,70,70],"card_choices":[{"not_picked":["JustLucky","Clothesline"],"picked":"Quick Slash","floor":1.0},{"not_picked":["Slice","Reflex"],"picked":"SashWhip","floor":2.0},{"not_picked":["Pummel","Go for the Eyes","Dodge and Roll"],"picked":"SKIP","floor":3.0},{"not_picked":["True Grit","Dramatic Entrance+1"],"picked":"Headbutt+1","floor":7.0},{"not_picked":["Warcry","Cold Snap+1"],"picked":"HandOfGreed+1","floor":10.0},{"not_picked":["Acrobatics","Reinforced Body"],"picked":"JustLucky+1","floor":13.0},{"not_picked":["Deadly Poison","Second Wind"],"picked":"Wallop+1","floor":14.0},{"not_picked":["LessonLearned+1","Storm of Steel"],"picked":"Seek","floor":16.0},{"not_picked":["Pummel+1","Anger+1"],"picked":"Tantrum+1","floor":18.0},{"not_picked":["WaveOfTheHand","Melter+1","PathToVictory"],"picked":"SKIP","floor":20.0},{"not_picked":["Noxious Fumes","Slice+1"],"picked":"Pommel Strike+1","floor":21.0},{"not_picked":["Hologram+1","Streamline+1"],"picked":"Burning Pact","floor":25.0},{"not_picked":["Streamline+1","Dagger Throw+1"],"picked":"Setup","floor":27.0},{"not_picked":["Flechettes+1","Storm"],"picked":"Leap","floor":28.0},{"not_picked":["Electrodynamics","Recycle+1"],"picked":"Reprogram","floor":30.0},{"not_picked":["Skim","Madness"],"picked":"Shrug It Off","floor":31.0},{"not_picked":["Ragnarok+1","Juggernaut"],"picked":"Storm of Steel","floor":33.0},{"not_picked":["Twin Strike+1","Bane+1"],"picked":"Iron Wave+1","floor":35.0},{"not_picked":["PathToVictory+1","Perfected Strike+1"],"picked":"Backflip","floor":38.0},{"not_picked":["Perseverance+1","Bandage Up+1"],"picked":"InnerPeace","floor":39.0},{"not_picked":["Slice+1","Impatience+1"],"picked":"Venomology","floor":41.0},{"not_picked":["Undo","Setup+1"],"picked":"Blur+1","floor":45.0},{"not_picked":["Finisher+1","Stack"],"picked":"Blade Dance+1","floor":47.0},{"not_picked":["Rupture+1","Compile Driver+1","Ball Lightning+1"],"picked":"SKIP","floor":48.0}],"player_experience":851862,"relics_obtained":[{"floor":7.0,"key":"Kunai"},{"floor":9.0,"key":"Shuriken"},{"floor":14.0,"key":"Toy Ornithopter"},{"floor":17.0,"key":"Smiling Mask"},{"floor":17.0,"key":"InkBottle"},{"floor":17.0,"key":"Pocketwatch"},{"floor":25.0,"key":"Mango"},{"floor":28.0,"key":"Red Skull"},{"floor":41.0,"key":"Orichalcum"},{"floor":42.0,"key":"Lizard Tail"},{"floor":43.0,"key":"Self Forming Clay"}],"event_choices":[{"damage_healed":0.0,"max_hp_gain":0.0,"max_hp_loss":0.0,"gold_gain":0.0,"event_name":"Big Fish","player_choice":"Box","floor":4.0,"gold_loss":0.0,"damage_taken":0.0,"relics_obtained":["Molten Egg 2"],"cards_obtained":["Regret"]},{"damage_healed":0.0,"max_hp_gain":0.0,"max_hp_loss":0.0,"gold_gain":0.0,"event_name":"Shining Light","player_choice":"Entered Light","floor":8.0,"gold_loss":0.0,"damage_taken":16.0,"cards_upgraded":["Defend_R","Strike_R"]},{"damage_healed":0.0,"max_hp_gain":0.0,"max_hp_loss":0.0,"gold_gain":0.0,"cards_transformed":["Strike_R"],"event_name":"Living Wall","player_choice":"Change","floor":11.0,"gold_loss":0.0,"damage_taken":0.0,"cards_obtained":["Sever Soul"]},{"damage_healed":0.0,"max_hp_gain":0.0,"max_hp_loss":0.0,"gold_gain":75.0,"event_name":"World of Goop","player_choice":"Gather Gold","floor":12.0,"gold_loss":0.0,"damage_taken":11.0},{"damage_healed":0.0,"max_hp_gain":0.0,"max_hp_loss":24.0,"gold_gain":0.0,"event_name":"Vampires","player_choice":"Became a vampire","floor":22.0,"gold_loss":0.0,"damage_taken":0.0,"cards_obtained":["Bite","Bite","Bite","Bite","Bite"]},{"damage_healed":0.0,"max_hp_gain":0.0,"max_hp_loss":0.0,"gold_gain":0.0,"event_name":"Colosseum","player_choice":"Fight","floor":29.0,"gold_loss":0.0,"damage_taken":0.0},{"damage_healed":0.0,"max_hp_gain":0.0,"max_hp_loss":0.0,"gold_gain":0.0,"event_name":"Colosseum","player_choice":"Fled From Nobs","floor":29.0,"gold_loss":0.0,"damage_taken":0.0},{"damage_healed":0.0,"max_hp_gain":0.0,"max_hp_loss":0.0,"gold_gain":0.0,"event_name":"Winding Halls","player_choice":"Embrace Madness","floor":36.0,"gold_loss":0.0,"damage_taken":9.0,"cards_obtained":["Madness","Madness"]},{"damage_healed":0.0,"max_hp_gain":0.0,"max_hp_loss":0.0,"gold_gain":0.0,"event_name":"Mysterious Sphere","player_choice":"Fight","floor":42.0,"gold_loss":0.0,"damage_taken":0.0}],"is_beta":false,"boss_relics":[{"not_picked":["Busted Crown","Mark of Pain"],"picked":"Calling Bell"},{"not_picked":["Astrolabe","SacredBark"],"picked":"Cursed Key"}],"items_purged_floors":[5,19,24,37],"is_endless":false,"potions_floor_spawned":[2,7,10,16,18,21,29,31,35,39,42,45],"ascension_level":1}