{"gold_per_floor":[112,131,151,161,161,161,311,7,7,7,25,44,77,95,95,188,188,212,237,237,252,270,270,311,311,391,391,405,405,20,34,34,129,129,148,162,162,187,187,221,65,398,398,398,411,446,446,460,460,460],"floor_reached":51,"playtime":3528,"items_purged":["Doubt","Strike_R+1"],"score":1366,"play_id":"f4d3e592-3d7b-42e3-ab25-ab3318a59f0a","local_time":"20230822005451","is_ascension_mode":true,"campfire_choices":[{"floor":6.0,"key":"REST"},{"data":"Armaments","floor":10.0,"key":"SMITH"},{"floor":15.0,"key":"REST"},{"floor":23.0,"key":"REST"},{"data":"True Grit","floor":25.0,"key":"SMITH"},{"floor":27.0,"key":"REST"},{"data":"Evolve","floor":32.0,"key":"SMITH"},{"data":"Demon Form","floor":44,"key":"SMITH"},{"floor":47,"key":"REST"},{"floor":49,"key":"REST"}],"neow_cost":"NONE","seed_source_timestamp":1020286331819800,"circlet_count":0,"master_deck":["AscendersBane","Strike_R+1","Strike_R+1","Defend_R+1","Defend_R+1","Defend_R+1","Bash+1","Sword Boomerang+1","Combust+1","Corruption+1","Clothesline","Warcry","Seeing Red","Armaments+1","Power Through","True Grit+1","Shrug It Off","Ghostly Armor","Demon Form+1","Carnage","Impervious","Body Slam+1","Evolve+1","Heavy Blade","Barricade","CurseOfTheBell","Dual Wield+1","Disarm+1","Transmutation","Panache+1","Disarm+1","Headbutt","Feel No Pain+1","Rupture+1"],"special_seed":0,"relics":["Astrolabe","Mummified Hand","Letter Opener","Centennial Puzzle","Snecko Eye","HornCleat","Ornamental Fan","Whetstone","Calling Bell","Omamori","Frozen Egg 2","Unceasing Top","Toy Ornithopter","InkBottle","Darkstone Periapt"],"potions_floor_usage":[50],"damage_taken":[{"damage":0.0,"enemies":"2 Louse","floor":1.0,"turns":3.0},{"damage":14.0,"enemies":"Small Slimes","floor":2.0,"turns":2.0},{"damage":10.0,"enemies":"Jaw Worm","floor":3.0,"turns":4.0},{"damage":17.0,"enemies":"Looter","floor":4.0,"turns":4.0},{"damage":7.0,"enemies":"Gremlin Gang","floor":11.0,"turns":3.0},{"damage":4.0,"enemies":"3 Louse","floor":12.0,"turns":2.0},{"damage":16.0,"enemies":"Lagavulin","floor":13.0,"turns":8.0},{"damage":2.0,"enemies":"2 Fungi Beasts","floor":14.0,"turns":3.0},{"damage":34.0,"enemies":"The Guardian","floor":16.0,"turns":13.0},{"damage":4.0,"enemies":"2 Thieves","floor":18.0,"turns":4.0},{"damage":9.0,"enemies":"Chosen","floor":19.0,"turns":3.0},{"damage":1.0,"enemies":"Shelled Parasite and Fungi","floor":21.0,"turns":4.0},{"damage":10.0,"enemies":"3 Cultists","floor":22.0,"turns":5.0},{"damage":10.0,"enemies":"Book of Stabbing","floor":24.0,"turns":4.0},{"damage":0.0,"enemies":"Centurion and Healer","floor":28.0,"turns":7.0},{"damage":1.0,"enemies":"Snecko","floor":31.0,"turns":3.0},{"damage":46.0,"enemies":"Collector","floor":33.0,"turns":9.0},{"damage":0.0,"enemies":"3 Darklings","floor":35.0,"turns":5.0},{"damage":0.0,"enemies":"Orb Walker","floor":36.0,"turns":3.0},{"damage":0.0,"enemies":"Spire Growth","floor":38.0,"turns":6.0},{"damage":5.0,"enemies":"Giant Head","floor":40.0,"turns":7.0},{"damage":11,"enemies":"Sphere and 2 Shapes","floor":45,"turns":3},{"damage":3,"enemies":"Reptomancer","floor":46,"turns":5},{"damage":0,"enemies":"4 Shapes","floor":48,"turns":3},{"damage":3,"enemies":"Donu and Deca","floor":50,"turns":5}],"seed_played":"3139861185688991554","potions_obtained":[{"floor":2.0,"key":"SmokeBomb"},{"floor":3.0,"key":"Dexterity Potion"},{"floor":11.0,"key":"GamblersBrew"},{"floor":12.0,"key":"LiquidMemories"},{"floor":16.0,"key":"DuplicationPotion"},{"floor":24.0,"key":"Ancient Potion"}],"is_trial":false,"path_per_floor":["M","M","M","M","?","R","?","$","T","R","M","M","E","M","R","B",null,"M","M","?","M","M","R","E","R","T","R","M","?","$","M","R","B",null,"M","M","?","M","?","E","$","?","T","R","M","E","R","M","R","B",null],"character_chosen":"IRONCLAD","items_purchased":["Mummified Hand","Armaments","Evolve","Heavy Blade","Whetstone","Swift Potion"],"campfire_rested":6,"item_purchase_floors":[8,8,30,30,30,41],"current_hp_per_floor":[68,54,44,27,27,47,47,47,47,47,40,36,20,18,38,4,52,48,39,39,38,28,48,38,38,38,58,58,58,58,57,57,11,54,54,54,54,54,44,39,39,39,39,39,28,25,45,45,65,65],"gold":460,"neow_bonus":"BOSS_RELIC","is_prod":false,"is_daily":false,"chose_seed":false,"campfire_upgraded":4,"win_rate":0,"timestamp":1692690891,"path_taken":["M","M","M","M","?","R","?","$","T","R","M","M","E","M","R","BOSS","M","M","?","M","M","R","E","R","T","R","M","?","$","M","R","BOSS","M","M","?","?","?","E","$","?","T","R","M","E","R","M","R","BOSS"],"build_version":"2022-12-18","purchased_purges":2,"victory":true,"max_hp_per_floor":[75,75,75,75,68,68,68,68,68,68,68,68,68,68,68,68,68,68,68,68,68,68,68,68,68,68,68,68,68,68,68,68,68,68,68,68,68,68,68,68,68,68,68,68,68,68,68,68,68,68],"card_choices":[{"not_picked":["Headbutt","Body Slam","Sword Boomerang"],"picked":"SKIP","floor":1.0},{"not_picked":["Whirlwind","Sword Boomerang"],"picked":"Clothesline","floor":2.0},{"not_picked":["Pummel","Second Wind"],"picked":"Warcry","floor":3.0},{"not_picked":["Uppercut","Fire Breathing"],"picked":"Seeing Red","floor":4.0},{"not_picked":["Armaments","Combust"],"picked":"Power Through","floor":11.0},{"not_picked":["Shrug It Off","Infernal Blade"],"picked":"True Grit","floor":12.0},{"not_picked":["Offering","Rupture"],"picked":"Shrug It Off","floor":13.0},{"not_picked":["Warcry","Headbutt"],"picked":"Ghostly Armor","floor":14.0},{"not_picked":["Offering","Barricade"],"picked":"Demon Form","floor":16.0},{"not_picked":["Rampage","Combust"],"picked":"Carnage","floor":18.0},{"not_picked":["Iron Wave","True Grit","Havoc"],"picked":"SKIP","floor":19.0},{"not_picked":["Armaments","Wild Strike","Hemokinesis"],"picked":"SKIP","floor":21.0},{"not_picked":["Wild Strike","Anger","Second Wind"],"picked":"SKIP","floor":22.0},{"not_picked":["Shrug It Off","Clash"],"picked":"Impervious","floor":24.0},{"not_picked":["Inflame+1","Anger"],"picked":"Body Slam","floor":28.0},{"not_picked":["Heavy Blade","Anger","Iron Wave"],"picked":"SKIP","floor":31.0},{"not_picked":["Bludgeon","Offering"],"picked":"Barricade","floor":33.0},{"not_picked":["Body Slam","Pommel Strike+1"],"picked":"Dual Wield+1","floor":35.0},{"not_picked":["True Grit","Havoc","Warcry"],"picked":"SKIP","floor":36.0},{"not_picked":["Bloodletting","Combust+1"],"picked":"Disarm+1","floor":38.0},{"not_picked":["Purity","Impatience"],"picked":"Transmutation","floor":39.0},{"not_picked":["Violence","Panacea"],"picked":"Panache+1","floor":39.0},{"not_picked":["Fire Breathing+1","Inflame+1"],"picked":"Disarm+1","floor":40.0},{"not_picked":["Anger","Wild Strike"],"picked":"Headbutt","floor":45},{"not_picked":["Iron Wave+1","Thunderclap"],"picked":"Feel No Pain+1","floor":46},{"not_picked":["Clash+1","Anger"],"picked":"Rupture+1","floor":48}],"player_experience":863348,"relics_obtained":[{"floor":9.0,"key":"Letter Opener"},{"floor":13.0,"key":"Centennial Puzzle"},{"floor":24.0,"key":"HornCleat"},{"floor":26.0,"key":"Ornamental Fan"},{"floor":34.0,"key":"Omamori"},{"floor":34.0,"key":"Frozen Egg 2"},{"floor":34.0,"key":"Unceasing Top"},{"floor":40.0,"key":"Toy Ornithopter"},{"floor":43,"key":"InkBottle"},{"floor":46,"key":"Darkstone Periapt"}],"event_choices":[{"damage_healed":0.0,"max_hp_gain":0.0,"max_hp_loss":7.0,"gold_gain":0.0,"event_name":"Golden Idol","player_choice":"Lose Max HP","floor":5.0,"gold_loss":0.0,"damage_taken":0.0,"relics_obtained":["Golden Idol"]},{"damage_healed":0.0,"max_hp_gain":0.0,"max_hp_loss":0.0,"gold_gain":150.0,"event_name":"Liars Game","player_choice":"AGREE","floor":7.0,"gold_loss":0.0,"damage_taken":0.0,"cards_obtained":["Doubt"]},{"damage_healed":0.0,"max_hp_gain":0.0,"max_hp_loss":0.0,"gold_gain":0.0,"event_name":"Back to Basics","player_choice":"Simplicity","floor":20.0,"gold_loss":0.0,"damage_taken":0.0,"cards_upgraded":["Strike_R","Strike_R","Strike_R","Defend_R","Defend_R","Defend_R"]},{"damage_healed":0.0,"max_hp_gain":0.0,"max_hp_loss":0.0,"gold_gain":0.0,"event_name":"Vampires","player_choice":"Ignored","floor":29.0,"gold_loss":0.0,"damage_taken":0.0},{"damage_healed":0.0,"max_hp_gain":0.0,"max_hp_loss":0.0,"gold_gain":0.0,"event_name":"Match and Keep!","player_choice":"0 cards matched","floor":37.0,"gold_loss":0.0,"damage_taken":0.0,"cards_obtained":[]},{"damage_healed":0.0,"max_hp_gain":0.0,"max_hp_loss":0.0,"gold_gain":0.0,"event_name":"SensoryStone","player_choice":"Memory 3","floor":39.0,"gold_loss":0.0,"damage_taken":10.0},{"damage_healed":0,"gold_gain":333,"player_choice":"Gave Idol","damage_taken":0,"max_hp_gain":0,"max_hp_loss":0,"event_name":"The Moai Head","floor":42,"relics_lost":["Golden Idol"],"gold_loss":0}],"is_beta":false,"boss_relics":[{"not_picked":["Busted Crown","Philosopher\u0027s Stone"],"picked":"Snecko Eye"},{"not_picked":["Runic Pyramid","Runic Dome"],"picked":"Calling Bell"}],"items_purged_floors":[30,41],"is_endless":false,"potions_floor_spawned":[2,3,11,12,16,19,24,28,31,33,36,40,46,48],"ascension_level":16}