{"gold_per_floor":[117,117,135,135,146,146,146,146,201,216,229,247,29,61,61,166,166,186,197,296,308,322,322,339,366,366,401,316,330,34,53,53,153,153,168,182,182,39,39,65,65,97,97,97,128,56,56,70,70,70],"floor_reached":51,"playtime":4014,"items_purged":["Strike_R"],"score":937,"play_id":"e6830039-2087-400d-bbc0-a00ff709e078","local_time":"20230821194913","is_ascension_mode":true,"campfire_choices":[{"floor":6.0,"key":"DIG"},{"data":"Dark Embrace","floor":8.0,"key":"SMITH"},{"data":"Whirlwind","floor":15.0,"key":"SMITH"},{"data":"Malaise","floor":23.0,"key":"SMITH"},{"data":"Corruption","floor":32.0,"key":"SMITH"},{"floor":41,"key":"DIG"},{"data":"ClearTheMind","floor":44,"key":"SMITH"},{"floor":49,"key":"DIG"}],"neow_cost":"PERCENT_DAMAGE","seed_source_timestamp":0,"circlet_count":0,"master_deck":["Strike_R","Strike_R","Strike_R","Defend_R","Defend_R","Defend_R","Defend_R","Bash","Dagger Throw","Dark Embrace+1","Vengeance","ClearTheMind+1","Auto Shields","Whirlwind+1","FTL","DeceiveReality","Malaise+1","Halt","CutThroughFate","Master of Strategy","Battle Trance+1","Feel No Pain+1","Crescendo+1","ForeignInfluence+1","Skewer+1","Malaise","Corruption+1","Beam Cell+1","Storm of Steel","Meditate+1","Prepared","Calculated Gamble+1","Feel No Pain","Night Terror"],"special_seed":0,"relics":["Burning Blood","PrismaticShard","Shovel","Unceasing Top","InkBottle","Bag of Marbles","Orrery","PreservedInsect","Runic Pyramid","Juzu Bracelet","Meat on the Bone","Gambling Chip","Centennial Puzzle","Chemical X","Cursed Key","Medical Kit","Gremlin Horn","Vajra","Ornamental Fan","Shuriken","Oddly Smooth Stone","Happy Flower"],"potions_floor_usage":[48],"damage_taken":[{"damage":5.0,"enemies":"2 Louse","floor":1.0,"turns":4.0},{"damage":7.0,"enemies":"Small Slimes","floor":3.0,"turns":3.0},{"damage":0.0,"enemies":"Cultist","floor":5.0,"turns":4.0},{"damage":12.0,"enemies":"Gremlin Gang","floor":10.0,"turns":5.0},{"damage":0.0,"enemies":"2 Fungi Beasts","floor":11.0,"turns":6.0},{"damage":1.0,"enemies":"Looter","floor":12.0,"turns":3.0},{"damage":12.0,"enemies":"Gremlin Nob","floor":14.0,"turns":3.0},{"damage":29.0,"enemies":"Slime Boss","floor":16.0,"turns":8.0},{"damage":0.0,"enemies":"Shell Parasite","floor":18.0,"turns":5.0},{"damage":0.0,"enemies":"Spheric Guardian","floor":19.0,"turns":3.0},{"damage":13.0,"enemies":"Snake Plant","floor":21.0,"turns":5.0},{"damage":4.0,"enemies":"Cultist and Chosen","floor":22.0,"turns":6.0},{"damage":5.0,"enemies":"Centurion and Healer","floor":24.0,"turns":4.0},{"damage":11.0,"enemies":"Slavers","floor":25.0,"turns":7.0},{"damage":0.0,"enemies":"Gremlin Leader","floor":27.0,"turns":6.0},{"damage":0.0,"enemies":"Snecko","floor":29.0,"turns":3.0},{"damage":0.0,"enemies":"Cultist and Chosen","floor":31.0,"turns":2.0},{"damage":0.0,"enemies":"Collector","floor":33.0,"turns":5.0},{"damage":7.0,"enemies":"3 Darklings","floor":35.0,"turns":2.0},{"damage":0.0,"enemies":"Orb Walker","floor":36.0,"turns":3.0},{"damage":0.0,"enemies":"Reptomancer","floor":40.0,"turns":2.0},{"damage":1,"enemies":"Giant Head","floor":42,"turns":3},{"damage":0,"enemies":"Reptomancer","floor":45,"turns":2},{"damage":1,"enemies":"3 Darklings","floor":48,"turns":3},{"damage":2,"enemies":"Time Eater","floor":50,"turns":5}],"seed_played":"8559642931237396142","potions_obtained":[{"floor":3.0,"key":"SkillPotion"},{"floor":5.0,"key":"FairyPotion"},{"floor":11.0,"key":"LiquidMemories"},{"floor":14.0,"key":"SkillPotion"},{"floor":18.0,"key":"LiquidMemories"},{"floor":22.0,"key":"AttackPotion"},{"floor":27.0,"key":"Dexterity Potion"},{"floor":31.0,"key":"Swift Potion"},{"floor":36.0,"key":"ColorlessPotion"},{"floor":40,"key":"Ancient Potion"}],"is_trial":false,"path_per_floor":["M","?","M","?","M","R","?","R","T","M","M","M","$","E","R","B",null,"M","M","?","M","M","R","M","E","T","E","?","M","$","M","R","B",null,"M","M","?","$","?","E","R","E","T","R","E","$","?","M","R","B",null],"character_chosen":"IRONCLAD","items_purchased":["Orrery","Chemical X","Corruption","Medical Kit","Feel No Pain"],"campfire_rested":0,"item_purchase_floors":[13,30,30,38,46],"current_hp_per_floor":[57,57,56,38,44,44,44,44,44,38,44,49,49,43,43,20,80,80,80,80,73,75,75,76,71,71,77,77,80,80,80,80,80,80,79,80,80,80,80,80,80,80,80,80,80,80,80,80,80,80],"gold":70,"neow_bonus":"ONE_RARE_RELIC","is_prod":false,"is_daily":false,"chose_seed":false,"campfire_upgraded":5,"win_rate":0,"timestamp":1692672553,"path_taken":["M","?","M","?","M","R","?","R","T","?","M","?","$","E","R","BOSS","M","M","?","M","M","R","M","E","T","E","?","M","$","M","R","BOSS","M","M","?","$","?","E","R","E","T","R","E","?","?","M","R","BOSS"],"build_version":"2022-12-18","purchased_purges":1,"victory":true,"max_hp_per_floor":[80,80,80,80,80,80,80,80,80,80,80,80,80,80,80,80,80,80,80,80,80,80,80,80,80,80,80,80,80,80,80,80,80,80,80,80,80,80,80,80,80,80,80,80,80,80,80,80,80,80],"card_choices":[{"not_picked":["Clash","Flex"],"picked":"Dagger Throw","floor":1.0},{"not_picked":["Dodge and Roll","Halt"],"picked":"Vengeance","floor":3.0},{"not_picked":["Heel Hook","FlurryOfBlows"],"picked":"ClearTheMind","floor":5.0},{"not_picked":["BowlingBash","Panacea"],"picked":"Auto Shields","floor":10.0},{"not_picked":["FlyingSleeves","Machine Learning"],"picked":"Whirlwind","floor":11.0},{"not_picked":["Reflex","CrushJoints"],"picked":"FTL","floor":12.0},{"not_picked":["Wild Strike","Accuracy"],"picked":"DeceiveReality","floor":13.0},{"not_picked":["Wild Strike","Intimidate"],"picked":"Malaise","floor":13.0},{"not_picked":["Weave","Beam Cell"],"picked":"Gash","floor":13.0},{"not_picked":["Steam","Riddle With Holes"],"picked":"Halt","floor":13.0},{"not_picked":["Headbutt","Tactician"],"picked":"CutThroughFate","floor":13.0},{"not_picked":["Dash","Compile Driver","Sword Boomerang"],"picked":"SKIP","floor":14.0},{"not_picked":["Ragnarok","Blasphemy"],"picked":"Master of Strategy","floor":16.0},{"not_picked":["Clothesline+1","Halt+1"],"picked":"Battle Trance+1","floor":18.0},{"not_picked":["Cleave","JustLucky"],"picked":"Feel No Pain+1","floor":19.0},{"not_picked":["Redo","Sweeping Beam+1","Predator+1"],"picked":"SKIP","floor":21.0},{"not_picked":["MasterReality","Dagger Throw"],"picked":"Crescendo+1","floor":22.0},{"not_picked":["Crescendo","Coolheaded","Cleave"],"picked":"SKIP","floor":24.0},{"not_picked":["Dagger Throw","Steam"],"picked":"ForeignInfluence","floor":25.0},{"not_picked":["Coolheaded","PathToVictory"],"picked":"Skewer+1","floor":27.0},{"not_picked":["CutThroughFate","Crescendo"],"picked":"Malaise","floor":29.0},{"not_picked":["Barrage","Body Slam"],"picked":"Beam Cell+1","floor":31.0},{"not_picked":["Exhume","Die Die Die"],"picked":"Storm of Steel","floor":33.0},{"not_picked":["FlurryOfBlows+1","Coolheaded+1","Deadly Poison+1"],"picked":"SKIP","floor":35.0},{"not_picked":["Discovery+1","Clash"],"picked":"Meditate+1","floor":36.0},{"not_picked":["WreathOfFlame+1","Sword Boomerang"],"picked":"Prepared","floor":40},{"not_picked":["Leap+1","Deadly Poison","Twin Strike"],"picked":"SKIP","floor":42},{"not_picked":["Rupture","Flechettes"],"picked":"Calculated Gamble+1","floor":45},{"not_picked":["Headbutt","Go for the Eyes+1"],"picked":"Night Terror","floor":48}],"player_experience":859334,"relics_obtained":[{"floor":6.0,"key":"InkBottle"},{"floor":9.0,"key":"Bag of Marbles"},{"floor":14.0,"key":"PreservedInsect"},{"floor":25.0,"key":"Juzu Bracelet"},{"floor":26.0,"key":"Meat on the Bone"},{"floor":27.0,"key":"Gambling Chip"},{"floor":40,"key":"Gremlin Horn"},{"floor":41,"key":"Vajra"},{"floor":42,"key":"Ornamental Fan"},{"floor":43,"key":"Shuriken"},{"floor":45,"key":"Oddly Smooth Stone"},{"floor":49,"key":"Happy Flower"}],"event_choices":[{"damage_healed":0.0,"max_hp_gain":0.0,"max_hp_loss":0.0,"gold_gain":0.0,"cards_transformed":["Strike_R"],"event_name":"Living Wall","player_choice":"Change","floor":2.0,"gold_loss":0.0,"damage_taken":0.0,"cards_obtained":["Dark Embrace"]},{"damage_healed":0.0,"max_hp_gain":0.0,"max_hp_loss":0.0,"gold_gain":0.0,"event_name":"Scrap Ooze","player_choice":"Success","floor":4.0,"gold_loss":0.0,"damage_taken":18.0,"relics_obtained":["Unceasing Top"]},{"damage_healed":0.0,"max_hp_gain":0.0,"max_hp_loss":0.0,"gold_gain":0.0,"event_name":"Match and Keep!","player_choice":"0 cards matched","floor":7.0,"gold_loss":0.0,"damage_taken":0.0,"cards_obtained":[]},{"damage_healed":0.0,"max_hp_gain":0.0,"max_hp_loss":0.0,"gold_gain":99.0,"event_name":"Nest","player_choice":"Stole From Cult","floor":20.0,"gold_loss":0.0,"damage_taken":0.0},{"damage_healed":0.0,"max_hp_gain":0.0,"max_hp_loss":0.0,"gold_gain":0.0,"event_name":"Addict","player_choice":"Obtained Relic","floor":28.0,"gold_loss":85.0,"damage_taken":0.0,"relics_obtained":["Centennial Puzzle"]},{"cards_removed":["Gash"],"damage_healed":0.0,"max_hp_gain":0.0,"max_hp_loss":0.0,"gold_gain":0.0,"event_name":"Falling","player_choice":"Removed Attack","floor":37.0,"gold_loss":0.0,"damage_taken":0.0},{"damage_healed":0.0,"max_hp_gain":0.0,"max_hp_loss":0.0,"gold_gain":0.0,"event_name":"Accursed Blacksmith","player_choice":"Forge","floor":39.0,"gold_loss":0.0,"damage_taken":0.0,"cards_upgraded":["ForeignInfluence"]},{"cards_removed":["Regret"],"damage_healed":0,"gold_gain":0,"player_choice":"Removed Curses","damage_taken":0,"max_hp_gain":0,"max_hp_loss":0,"event_name":"Fountain of Cleansing","floor":47,"gold_loss":0}],"is_beta":false,"boss_relics":[{"not_picked":["Runic Dome","Pandora\u0027s Box"],"picked":"Runic Pyramid"},{"not_picked":["Fusion Hammer","Black Star"],"picked":"Cursed Key"}],"items_purged_floors":[13],"is_endless":false,"potions_floor_spawned":[3,5,11,14,18,22,27,31,36,40,42],"ascension_level":2}