{"gold_per_floor":[119,137,212,226,244,244,258,258,281,281,299,331,341,45,45,119,119,129,129,149,160,160,160,193,206,230,249,274,285,298,311,311,387,387,405,405,419,432,187,215,215,228,228,259,93,125,14,14,14,14],"floor_reached":51,"playtime":4823,"items_purged":["Strike_R","Shame"],"score":1406,"play_id":"a4728537-6e22-495a-b3bd-7a70313a38e3","local_time":"20230828210959","is_ascension_mode":true,"campfire_choices":[{"floor":6.0,"key":"REST"},{"data":"Rampage","floor":10.0,"key":"SMITH"},{"data":"Armaments","floor":15.0,"key":"SMITH"},{"data":"Brutality","floor":23.0,"key":"SMITH"},{"data":"Rupture","floor":32.0,"key":"SMITH"},{"data":"Disarm","floor":41.0,"key":"SMITH"},{"data":"Shockwave","floor":49,"key":"SMITH"}],"neow_cost":"NONE","seed_source_timestamp":0,"circlet_count":0,"master_deck":["AscendersBane","Defend_R+1","Defend_R","Defend_R","Defend_R+1","Bash","Brutality+1","Cleave","Rampage+1","Shockwave+1","Armaments+1","Disarm+1","Rupture+1","True Grit","Reaper","Shrug It Off","Bite","Bite","Bite","Bite","Bite","Pummel","Blood for Blood","Flame Barrier","Bloodletting","Rage","Exhume","Entrench","Offering","Warcry","Headbutt","Warcry+1","Dark Shackles","Ghostly Armor","Clothesline"],"special_seed":0,"relics":["Burning Blood","Red Skull","Centennial Puzzle","War Paint","Lee\u0027s Waffle","Runic Pyramid","Art of War","Nunchaku","Anchor","Dream Catcher","Velvet Choker","Vajra","Potion Belt","Juzu Bracelet","Strange Spoon","Ornamental Fan"],"potions_floor_usage":[50,50,50],"damage_taken":[{"damage":9.0,"enemies":"Small Slimes","floor":1.0,"turns":4.0},{"damage":3.0,"enemies":"Cultist","floor":2.0,"turns":3.0},{"damage":23.0,"enemies":"Jaw Worm","floor":4.0,"turns":6.0},{"damage":18.0,"enemies":"Large Slime","floor":5.0,"turns":5.0},{"damage":11.0,"enemies":"Exordium Wildlife","floor":7.0,"turns":5.0},{"damage":24.0,"enemies":"Gremlin Gang","floor":11.0,"turns":3.0},{"damage":13.0,"enemies":"Gremlin Nob","floor":12.0,"turns":3.0},{"damage":7.0,"enemies":"Lots of Slimes","floor":13.0,"turns":4.0},{"damage":27.0,"enemies":"Hexaghost","floor":16.0,"turns":8.0},{"damage":12.0,"enemies":"3 Byrds","floor":18.0,"turns":7.0},{"damage":31.0,"enemies":"Shell Parasite","floor":20.0,"turns":14.0},{"damage":34.0,"enemies":"Centurion and Healer","floor":21.0,"turns":12.0},{"damage":56.0,"enemies":"Book of Stabbing","floor":24.0,"turns":8.0},{"damage":12.0,"enemies":"Chosen and Byrds","floor":25.0,"turns":7.0},{"damage":26.0,"enemies":"Shelled Parasite and Fungi","floor":27.0,"turns":8.0},{"damage":47.0,"enemies":"Gremlin Leader","floor":28.0,"turns":10.0},{"damage":38.0,"enemies":"Snecko","floor":29.0,"turns":11.0},{"damage":44.0,"enemies":"Sentry and Sphere","floor":30.0,"turns":14.0},{"damage":12.0,"enemies":"Centurion and Healer","floor":31.0,"turns":10.0},{"damage":57.0,"enemies":"Champ","floor":33.0,"turns":13.0},{"damage":19.0,"enemies":"Orb Walker","floor":35.0,"turns":5.0},{"damage":25.0,"enemies":"3 Shapes","floor":37.0,"turns":7.0},{"damage":61.0,"enemies":"Jaw Worm Horde","floor":38.0,"turns":6.0},{"damage":31.0,"enemies":"Giant Head","floor":40.0,"turns":8.0},{"damage":34.0,"enemies":"3 Darklings","floor":42.0,"turns":5.0},{"damage":40.0,"enemies":"Nemesis","floor":44.0,"turns":13.0},{"damage":43,"enemies":"Reptomancer","floor":46,"turns":11},{"damage":31,"enemies":"Time Eater","floor":50,"turns":11}],"seed_played":"-4584212127955745493","potions_obtained":[{"floor":5.0,"key":"Fire Potion"},{"floor":7.0,"key":"FearPotion"},{"floor":13.0,"key":"Swift Potion"},{"floor":16.0,"key":"Weak Potion"},{"floor":18.0,"key":"Regen Potion"},{"floor":24.0,"key":"Dexterity Potion"},{"floor":30.0,"key":"Swift Potion"},{"floor":33.0,"key":"Energy Potion"}],"is_trial":false,"path_per_floor":["M","M","?","M","M","R","M","?","T","R","M","E","M","$","R","B",null,"M","?","M","M","?","R","E","M","T","M","E","M","M","M","R","B",null,"M","?","M","M","$","E","R","M","T","E","$","E","$","?","R","B",null],"character_chosen":"IRONCLAD","items_purchased":["True Grit","Lee\u0027s Waffle","Dark Shackles","BlessingOfTheForge","Strange Spoon","Clothesline","Weak Potion"],"campfire_rested":1,"item_purchase_floors":[14,14,39,39,45,47,47],"current_hp_per_floor":[65,68,57,40,28,50,45,45,45,45,27,20,19,82,82,61,77,79,57,57,57,57,57,44,53,53,53,57,43,37,57,57,57,57,57,49,57,53,53,57,57,57,57,57,57,57,57,54,54,54],"gold":14,"neow_bonus":"ONE_RANDOM_RARE_CARD","is_prod":false,"is_daily":false,"chose_seed":false,"campfire_upgraded":6,"win_rate":0,"timestamp":1693282199,"path_taken":["M","M","?","M","M","R","M","?","T","R","M","E","?","?","R","BOSS","M","?","M","M","?","R","E","?","T","?","E","M","M","?","R","BOSS","M","?","M","M","$","E","R","M","T","E","?","E","$","?","R","BOSS"],"build_version":"2022-12-18","purchased_purges":2,"victory":true,"max_hp_per_floor":[75,75,75,75,75,75,75,75,75,75,75,75,75,82,82,82,82,82,57,57,57,57,57,57,57,57,57,57,57,57,57,57,57,57,57,57,57,57,57,57,57,57,57,57,57,57,57,54,54,54],"card_choices":[{"not_picked":["Warcry","Clothesline"],"picked":"Cleave","floor":1.0},{"not_picked":["Whirlwind","Anger"],"picked":"Rampage","floor":2.0},{"not_picked":["Sever Soul","Carnage","Second Wind"],"picked":"SKIP","floor":4.0},{"not_picked":["Rage","Anger"],"picked":"Shockwave","floor":5.0},{"not_picked":["Heavy Blade","Perfected Strike","Thunderclap"],"picked":"SKIP","floor":7.0},{"not_picked":["Bloodletting","Wild Strike"],"picked":"Armaments","floor":11.0},{"not_picked":["Clash","Dropkick"],"picked":"Disarm","floor":12.0},{"not_picked":["Fire Breathing","Reaper"],"picked":"Rupture","floor":13.0},{"not_picked":["Bludgeon","Juggernaut"],"picked":"Reaper","floor":16.0},{"not_picked":["Twin Strike","Body Slam"],"picked":"Shrug It Off","floor":18.0},{"not_picked":["Headbutt","Perfected Strike"],"picked":"Pummel","floor":20.0},{"not_picked":["Wild Strike","Clothesline+1"],"picked":"Blood for Blood","floor":21.0},{"not_picked":["Fiend Fire","Perfected Strike"],"picked":"Flame Barrier","floor":24.0},{"not_picked":["Clothesline","Shrug It Off+1"],"picked":"Bloodletting","floor":25.0},{"not_picked":["Headbutt","Twin Strike"],"picked":"Rage","floor":27.0},{"not_picked":["Cleave","Clash+1"],"picked":"Exhume","floor":28.0},{"not_picked":["Perfected Strike","Cleave","Pummel"],"picked":"SKIP","floor":29.0},{"not_picked":["Perfected Strike","Cleave","Pummel"],"picked":"SKIP","floor":29.0},{"not_picked":["Flex","Headbutt","Cleave"],"picked":"SKIP","floor":30.0},{"not_picked":["Uppercut","Thunderclap"],"picked":"Entrench","floor":31.0},{"not_picked":["Reaper","Demon Form"],"picked":"Offering","floor":33.0},{"not_picked":["Sword Boomerang+1","Armaments+1"],"picked":"Warcry","floor":35.0},{"not_picked":["Fire Breathing","Feel No Pain"],"picked":"Headbutt","floor":37.0},{"not_picked":["Blood for Blood+1","Iron Wave"],"picked":"Warcry+1","floor":38.0},{"not_picked":["Iron Wave","Spot Weakness"],"picked":"Ghostly Armor","floor":40.0},{"not_picked":["Uppercut","Iron Wave+1","Rage"],"picked":"SKIP","floor":42.0},{"not_picked":["Pummel","Demon Form","Hemokinesis+1"],"picked":"SKIP","floor":44.0},{"not_picked":["Reaper","Cleave","Bloodletting"],"picked":"SKIP","floor":46}],"player_experience":871779,"relics_obtained":[{"floor":9.0,"key":"Centennial Puzzle"},{"floor":12.0,"key":"War Paint"},{"floor":24.0,"key":"Nunchaku"},{"floor":26.0,"key":"Anchor"},{"floor":28.0,"key":"Dream Catcher"},{"floor":40.0,"key":"Vajra"},{"floor":43.0,"key":"Potion Belt"},{"floor":44.0,"key":"Juzu Bracelet"},{"floor":46,"key":"Ornamental Fan"}],"event_choices":[{"damage_healed":0.0,"max_hp_gain":0.0,"max_hp_loss":0.0,"gold_gain":75.0,"event_name":"World of Goop","player_choice":"Gather Gold","floor":3.0,"gold_loss":0.0,"damage_taken":11.0},{"damage_healed":0.0,"max_hp_gain":0.0,"max_hp_loss":0.0,"gold_gain":0.0,"event_name":"WeMeetAgain","player_choice":"Gave Potion","floor":8.0,"gold_loss":0.0,"damage_taken":0.0,"relics_obtained":["Red Skull"]},{"damage_healed":0.0,"max_hp_gain":0.0,"max_hp_loss":25.0,"gold_gain":0.0,"event_name":"Vampires","player_choice":"Became a vampire","floor":19.0,"gold_loss":0.0,"damage_taken":0.0,"cards_obtained":["Bite","Bite","Bite","Bite","Bite"]},{"damage_healed":0.0,"max_hp_gain":0.0,"max_hp_loss":0.0,"gold_gain":0.0,"event_name":"Addict","player_choice":"Stole Relic","floor":22.0,"gold_loss":0.0,"damage_taken":0.0,"relics_obtained":["Art of War"],"cards_obtained":["Shame"]},{"damage_healed":0.0,"max_hp_gain":0.0,"max_hp_loss":0.0,"gold_gain":0.0,"event_name":"Wheel of Change","player_choice":"Damaged","floor":36.0,"gold_loss":0.0,"damage_taken":8.0},{"damage_healed":0,"gold_gain":0,"player_choice":"Max HP","damage_taken":0,"max_hp_gain":0,"max_hp_loss":3,"event_name":"Winding Halls","floor":48,"gold_loss":0}],"is_beta":false,"boss_relics":[{"not_picked":["Empty Cage","Snecko Eye"],"picked":"Runic Pyramid"},{"not_picked":["Philosopher\u0027s Stone","Black Blood"],"picked":"Velvet Choker"}],"items_purged_floors":[14,39],"is_endless":false,"potions_floor_spawned":[5,7,13,16,18,24,25,27,30,33,35,38],"ascension_level":17}