{"gold_per_floor":[362,27,47,47,63,63,91,91,91,120,147,162,193,208,208,303,303,318,318,334,30,47,79,79,105,105,132,151,168,184,215,215,311,311,331,118,137,151,151,151,34,68,68,68,68,103,113,142,142,142],"floor_reached":51,"playtime":4305,"items_purged":["Shame","Doubt"],"score":1283,"play_id":"fd533e03-8c67-447b-80cc-b79dea7cd32d","local_time":"20231015191730","is_ascension_mode":true,"campfire_choices":[{"data":"Uppercut","floor":6.0,"key":"SMITH"},{"data":"CutThroughFate","floor":8.0,"key":"SMITH"},{"data":"After Image","floor":15,"key":"SMITH"},{"data":"Disarm","floor":24,"key":"SMITH"},{"data":"Acrobatics","floor":32,"key":"SMITH"},{"data":"Battle Trance","floor":40,"key":"SMITH"},{"data":"Parasite","floor":45,"key":"PURGE"},{"data":"Creative AI","floor":49,"key":"SMITH"}],"neow_cost":"CURSE","seed_source_timestamp":361781515309400,"circlet_count":0,"master_deck":["Strike_R+1","Strike_R+1","Strike_R+1","Strike_R+1","Defend_R+1","Defend_R+1","Defend_R+1","Bash","CutThroughFate+1","Turbo","Uppercut+1","Prepared","Acrobatics+1","Disarm+1","After Image+1","Endless Agony","Phantasmal Killer","PanicButton+1","Footwork+1","Blur","Reprogram+1","Battle Trance+1","JustLucky+1","Creative AI+1","Seeing Red+1","Feed+1","Carnage+1","Dark Shackles","Feel No Pain","Concentrate+1","Dual Wield+1","Finesse","Heatsinks+1"],"special_seed":0,"relics":["Burning Blood","PrismaticShard","Matryoshka","Mummified Hand","Regal Pillow","Paper Frog","Odd Mushroom","InkBottle","Akabeko","Cursed Key","Happy Flower","OrangePellets","Vajra","The Courier","Singing Bowl","Self Forming Clay","Boot","Shuriken","Astrolabe","Medical Kit","Peace Pipe","Kunai","Frozen Egg 2","Gremlin Horn"],"potions_floor_usage":[13,16,18,47],"damage_taken":[{"damage":7.0,"enemies":"Jaw Worm","floor":1.0,"turns":3.0},{"damage":0.0,"enemies":"2 Louse","floor":3.0,"turns":3.0},{"damage":0.0,"enemies":"Cultist","floor":5.0,"turns":2.0},{"damage":28.0,"enemies":"Gremlin Nob","floor":7.0,"turns":4.0},{"damage":7.0,"enemies":"The Mushroom Lair","floor":10.0,"turns":4.0},{"damage":25.0,"enemies":"3 Sentries","floor":11.0,"turns":9.0},{"damage":3.0,"enemies":"Looter","floor":12.0,"turns":2.0},{"damage":11,"enemies":"Lagavulin","floor":13,"turns":5},{"damage":9,"enemies":"3 Louse","floor":14,"turns":3},{"damage":5,"enemies":"The Guardian","floor":16,"turns":11},{"damage":7,"enemies":"2 Thieves","floor":18,"turns":4},{"damage":1,"enemies":"3 Byrds","floor":20,"turns":7},{"damage":0,"enemies":"3 Cultists","floor":22,"turns":4},{"damage":6,"enemies":"Book of Stabbing","floor":23,"turns":5},{"damage":17,"enemies":"Slavers","floor":25,"turns":5},{"damage":0,"enemies":"Gremlin Leader","floor":27,"turns":7},{"damage":5,"enemies":"Snecko","floor":28,"turns":5},{"damage":0,"enemies":"Centurion and Healer","floor":29,"turns":6},{"damage":0,"enemies":"Snake Plant","floor":30,"turns":2},{"damage":0,"enemies":"Book of Stabbing","floor":31,"turns":3},{"damage":0,"enemies":"Automaton","floor":33,"turns":9},{"damage":1,"enemies":"3 Shapes","floor":35,"turns":8},{"damage":9,"enemies":"3 Darklings","floor":37,"turns":4},{"damage":0,"enemies":"4 Shapes","floor":38,"turns":4},{"damage":0,"enemies":"Reptomancer","floor":42,"turns":5},{"damage":4,"enemies":"Giant Head","floor":46,"turns":7},{"damage":0,"enemies":"Writhing Mass","floor":47,"turns":7},{"damage":8,"enemies":"Nemesis","floor":48,"turns":9},{"damage":0,"enemies":"Time Eater","floor":50,"turns":11}],"seed_played":"-9107829035174381150","potions_obtained":[{"floor":1.0,"key":"DuplicationPotion"},{"floor":3.0,"key":"Ancient Potion"},{"floor":10.0,"key":"Dexterity Potion"},{"floor":12.0,"key":"FearPotion"},{"floor":14,"key":"Strength Potion"},{"floor":16,"key":"Energy Potion"},{"floor":25,"key":"FearPotion"},{"floor":27,"key":"BloodPotion"},{"floor":33,"key":"Dexterity Potion"},{"floor":38,"key":"GamblersBrew"},{"floor":46,"key":"DistilledChaos"}],"is_trial":false,"path_per_floor":["M","$","M","?","M","R","E","R","T","?","E","M","E","M","R","B",null,"M","?","M","$","M","E","R","E","T","E","M","M","M","E","R","B",null,"M","$","M","M","?","R","$","E","T","?","R","E","M","E","R","B",null],"character_chosen":"IRONCLAD","basemod:card_modifiers":[null,null,null,null,null,null,null,null,null,null,null,null,null,null,null,null,null,null,null,null,null,null,null,null,null,null,null,null,null,null,null,null,null],"items_purchased":["Matryoshka","Happy Flower","OrangePellets","Dark Shackles","Feel No Pain","Medical Kit"],"campfire_rested":0,"item_purchase_floors":[2,21,21,36,36,41],"current_hp_per_floor":[79,79,80,80,80,80,58,58,58,57,38,41,36,33,33,34,80,79,79,80,80,80,80,80,69,69,75,76,80,82,84,84,84,84,90,90,91,100,95,95,95,95,95,95,92,98,100,98,98,104],"gold":142,"neow_bonus":"TWO_FIFTY_GOLD","is_prod":false,"is_daily":false,"chose_seed":false,"campfire_upgraded":7,"win_rate":0,"timestamp":1697422650,"path_taken":["M","$","M","?","M","R","E","R","T","?","E","M","E","M","R","BOSS","M","?","M","$","M","E","R","E","T","E","M","M","M","E","R","BOSS","M","$","M","M","?","R","$","E","T","?","R","E","?","E","R","BOSS"],"build_version":"2022-12-18","purchased_purges":2,"victory":true,"max_hp_per_floor":[80,80,80,80,80,80,80,80,80,80,80,80,80,80,80,80,80,80,80,80,80,80,80,80,80,80,80,80,80,82,84,84,84,84,90,90,94,100,95,95,95,95,95,95,92,98,100,100,100,104],"card_choices":[{"not_picked":["Compile Driver","Clothesline"],"picked":"CutThroughFate","floor":1.0},{"not_picked":["Searing Blow","Collect"],"picked":"Turbo","floor":3.0},{"not_picked":["Trip","Iron Wave"],"picked":"Uppercut","floor":5.0},{"not_picked":["Cleave","Searing Blow"],"picked":"Prepared","floor":7.0},{"not_picked":["Perseverance","Flechettes"],"picked":"Acrobatics","floor":10.0},{"not_picked":["Terror","Wild Strike"],"picked":"Doom and Gloom","floor":11.0},{"not_picked":["Whirlwind","Bullet Time"],"picked":"Disarm","floor":12.0},{"not_picked":["FlyingSleeves","CutThroughFate"],"picked":"After Image","floor":13},{"not_picked":["Rebound","Protect"],"picked":"Endless Agony","floor":14},{"not_picked":["Establishment","Secret Technique"],"picked":"Phantasmal Killer","floor":16},{"not_picked":["Entrench","All Out Attack"],"picked":"PanicButton+1","floor":18},{"not_picked":["Anger","Dagger Throw","Sword Boomerang"],"picked":"SKIP","floor":20},{"not_picked":["Dark Embrace","Evaluate"],"picked":"Footwork+1","floor":22},{"not_picked":["Thunderclap+1","JustLucky"],"picked":"Blur","floor":23},{"not_picked":["Recycle+1","CutThroughFate","Beam Cell+1"],"picked":"SKIP","floor":25},{"not_picked":["Riddle With Holes","Unload"],"picked":"Reprogram+1","floor":27},{"not_picked":["Havoc","Fire Breathing+1"],"picked":"Battle Trance","floor":28},{"not_picked":["CarveReality","Eviscerate"],"picked":"JustLucky+1","floor":29},{"not_picked":["Reinforced Body+1","True Grit","Bandage Up+1"],"picked":"Singing Bowl","floor":30},{"not_picked":["Steam","EmptyBody","Terror"],"picked":"Singing Bowl","floor":31},{"not_picked":["Exhume","Corruption"],"picked":"Creative AI","floor":33},{"not_picked":["PathToVictory+1","Fire Breathing","Ball Lightning+1"],"picked":"Singing Bowl","floor":35},{"not_picked":["Fusion","Flying Knee"],"picked":"Concentrate+1","floor":37},{"not_picked":["CutThroughFate","ForeignInfluence","Reinforced Body"],"picked":"Singing Bowl","floor":38},{"not_picked":["Backflip+1","Searing Blow"],"picked":"Dual Wield+1","floor":42},{"not_picked":["Core Surge","Lockon+1","Armaments"],"picked":"Singing Bowl","floor":46},{"not_picked":["Pray","Lockon+1","Deep Breath+1"],"picked":"Singing Bowl","floor":47},{"not_picked":["Blade Dance+1","Backflip"],"picked":"Heatsinks+1","floor":48}],"player_experience":925234,"relics_obtained":[{"floor":7.0,"key":"Mummified Hand"},{"floor":9.0,"key":"Regal Pillow"},{"floor":9.0,"key":"Paper Frog"},{"floor":10.0,"key":"Odd Mushroom"},{"floor":11.0,"key":"InkBottle"},{"floor":13,"key":"Akabeko"},{"floor":23,"key":"Vajra"},{"floor":25,"key":"The Courier"},{"floor":26,"key":"Singing Bowl"},{"floor":26,"key":"Self Forming Clay"},{"floor":27,"key":"Boot"},{"floor":31,"key":"Shuriken"},{"floor":42,"key":"Peace Pipe"},{"floor":43,"key":"Kunai"},{"floor":46,"key":"Frozen Egg 2"},{"floor":48,"key":"Gremlin Horn"}],"event_choices":[{"damage_healed":0.0,"max_hp_gain":0.0,"max_hp_loss":0.0,"gold_gain":0.0,"event_name":"Liars Game","player_choice":"Ignored","floor":4.0,"gold_loss":0.0,"damage_taken":0.0},{"damage_healed":0.0,"max_hp_gain":0.0,"max_hp_loss":0.0,"gold_gain":0.0,"event_name":"Mushrooms","player_choice":"Fought Mushrooms","floor":10.0,"gold_loss":0.0,"damage_taken":0.0},{"damage_healed":0,"gold_gain":0,"player_choice":"Simplicity","damage_taken":0,"max_hp_gain":0,"max_hp_loss":0,"event_name":"Back to Basics","floor":19,"gold_loss":0,"cards_upgraded":["Strike_R","Strike_R","Strike_R","Strike_R","Strike_R","Defend_R","Defend_R","Defend_R","Defend_R"]},{"damage_healed":0,"gold_gain":0,"player_choice":"Max HP","damage_taken":0,"max_hp_gain":0,"max_hp_loss":5,"event_name":"Winding Halls","floor":39,"gold_loss":0},{"damage_healed":0,"gold_gain":0,"player_choice":"1 cards matched","damage_taken":0,"max_hp_gain":0,"max_hp_loss":0,"event_name":"Match and Keep!","floor":44,"gold_loss":0,"cards_obtained":["Finesse"]},{"damage_healed":0,"gold_gain":0,"player_choice":"1 cards matched","damage_taken":0,"max_hp_gain":0,"max_hp_loss":0,"event_name":"Match and Keep!","floor":44,"gold_loss":0,"cards_obtained":["Finesse"]}],"is_beta":false,"boss_relics":[{"not_picked":["Coffee Dripper","Philosopher\u0027s Stone"],"picked":"Cursed Key"},{"not_picked":["Runic Cube","Fusion Hammer"],"picked":"Astrolabe"}],"items_purged_floors":[2,36],"is_endless":false,"potions_floor_spawned":[1,3,10,12,14,16,25,27,28,30,33,38,42,46],"ascension_level":3}