{"gold_per_floor":[113,132,144,160,49,49,76,76,103,136,156,306,152,168,168,242,242,261,238,2,52,71,71,86,86,110,136,136,171,183,98,98,98],"floor_reached":33,"playtime":1974,"items_purged":["Strike_R","Doubt","Combust"],"score":564,"play_id":"463436d8-c3d4-4549-b14b-55183111c6df","local_time":"20231012113515","is_ascension_mode":true,"campfire_choices":[{"data":"Uppercut","floor":6.0,"key":"SMITH"},{"data":"Flame Barrier","floor":8.0,"key":"SMITH"},{"data":"Bash","floor":15.0,"key":"SMITH"},{"data":"Dark Embrace","floor":23.0,"key":"SMITH"},{"floor":25.0,"key":"REST"},{"data":"Armaments","floor":28,"key":"SMITH"},{"floor":32,"key":"REST"}],"neow_cost":"TEN_PERCENT_HP_LOSS","seed_source_timestamp":0,"circlet_count":0,"master_deck":["AscendersBane","Bash+1","Cleave","Shrug It Off","Thunderclap","Uppercut+1","Flame Barrier+1","Dropkick","Offering","Corruption","Sentinel","Dark Embrace+1","Evolve","Shrug It Off","Second Wind","Iron Wave","Rage+1","Armaments+1","Wild Strike","True Grit","Double Tap","Bloodletting","Immolate","Entrench"],"special_seed":0,"relics":["Burning Blood","Orichalcum","MealTicket","Pen Nib","Pandora\u0027s Box","Mummified Hand","Thread and Needle","CeramicFish"],"potions_floor_usage":[27,33,33],"damage_taken":[{"damage":1.0,"enemies":"Cultist","floor":1.0,"turns":3.0},{"damage":7.0,"enemies":"Jaw Worm","floor":2.0,"turns":3.0},{"damage":7.0,"enemies":"2 Louse","floor":3.0,"turns":3.0},{"damage":2.0,"enemies":"Gremlin Gang","floor":4.0,"turns":5.0},{"damage":24.0,"enemies":"Lagavulin","floor":7.0,"turns":9.0},{"damage":14.0,"enemies":"Gremlin Nob","floor":10.0,"turns":4.0},{"damage":19.0,"enemies":"Exordium Wildlife","floor":11.0,"turns":4.0},{"damage":0.0,"enemies":"Looter","floor":14.0,"turns":3.0},{"damage":35.0,"enemies":"Slime Boss","floor":16.0,"turns":6.0},{"damage":18.0,"enemies":"Shell Parasite","floor":18.0,"turns":5.0},{"damage":9.0,"enemies":"2 Thieves","floor":19.0,"turns":4.0},{"damage":15.0,"enemies":"Centurion and Healer","floor":22.0,"turns":5.0},{"damage":33.0,"enemies":"Shelled Parasite and Fungi","floor":24.0,"turns":6.0},{"damage":17,"enemies":"Slavers","floor":27,"turns":6},{"damage":24,"enemies":"Book of Stabbing","floor":29,"turns":4},{"damage":6,"enemies":"Snecko","floor":30,"turns":4},{"damage":63,"enemies":"Champ","floor":33,"turns":12}],"seed_played":"7079607174585834083","potions_obtained":[{"floor":1.0,"key":"Fire Potion"},{"floor":3.0,"key":"BlessingOfTheForge"},{"floor":7.0,"key":"FearPotion"},{"floor":11.0,"key":"Swift Potion"},{"floor":14.0,"key":"PowerPotion"},{"floor":16.0,"key":"Strength Potion"},{"floor":19.0,"key":"ColorlessPotion"},{"floor":22.0,"key":"DistilledChaos"},{"floor":27,"key":"Energy Potion"},{"floor":30,"key":"Fire Potion"}],"is_trial":false,"path_per_floor":["M","M","M","M","$","R","E","R","T","E","M","?","$","M","R","B",null,"M","M","$","?","M","R","M","R","T","E","R","E","M","?","R","B"],"character_chosen":"IRONCLAD","items_purchased":["Flame Barrier","AttackPotion","Armaments","Wild Strike"],"campfire_rested":2,"item_purchase_floors":[5,13,20,20],"current_hp_per_floor":[68,67,66,68,68,68,50,50,50,42,29,29,44,50,50,21,56,44,41,56,56,47,47,20,40,40,29,29,11,11,11,31,0],"gold":98,"neow_bonus":"REMOVE_TWO","is_prod":false,"is_daily":false,"chose_seed":false,"campfire_upgraded":5,"win_rate":0,"timestamp":1697135715,"path_taken":["M","?","M","M","$","R","E","R","T","E","M","?","$","M","R","BOSS","M","M","$","?","M","R","?","R","T","E","R","E","M","?","R","BOSS"],"build_version":"2022-12-18","purchased_purges":3,"victory":false,"max_hp_per_floor":[68,68,68,68,68,68,68,68,68,68,68,68,68,68,68,68,68,68,68,68,68,68,68,68,68,68,68,68,68,68,68,68,68],"card_choices":[{"not_picked":["Entrench","Headbutt"],"picked":"Cleave","floor":1.0},{"not_picked":["Dropkick","Anger"],"picked":"Shrug It Off","floor":2.0},{"not_picked":["Bloodletting","Anger"],"picked":"Thunderclap","floor":3.0},{"not_picked":["Evolve","Armaments"],"picked":"Uppercut","floor":4.0},{"not_picked":["Fire Breathing","Limit Break"],"picked":"Combust","floor":7.0},{"not_picked":["Sentinel","Carnage","Cleave"],"picked":"SKIP","floor":10.0},{"not_picked":["Havoc","Sentinel"],"picked":"Dropkick","floor":11.0},{"not_picked":["Heavy Blade","Sword Boomerang","Body Slam"],"picked":"SKIP","floor":14.0},{"not_picked":["Exhume","Brutality"],"picked":"Offering","floor":16.0},{"not_picked":["Clash+1","Flex"],"picked":"Iron Wave","floor":18.0},{"not_picked":["Havoc","Entrench"],"picked":"Rage+1","floor":19.0},{"not_picked":["Clash","Clothesline"],"picked":"True Grit","floor":22.0},{"not_picked":["Perfected Strike","Armaments"],"picked":"Double Tap","floor":24.0},{"not_picked":["Heavy Blade","Hemokinesis"],"picked":"Bloodletting","floor":27},{"not_picked":["Juggernaut","Clothesline"],"picked":"Immolate","floor":29},{"not_picked":["Ghostly Armor","Inflame"],"picked":"Entrench","floor":30}],"player_experience":920205,"relics_obtained":[{"floor":7.0,"key":"Orichalcum"},{"floor":9.0,"key":"MealTicket"},{"floor":10.0,"key":"Pen Nib"},{"floor":27,"key":"Mummified Hand"},{"floor":29,"key":"Thread and Needle"}],"event_choices":[{"damage_healed":0.0,"max_hp_gain":0.0,"max_hp_loss":0.0,"gold_gain":150.0,"event_name":"Liars Game","player_choice":"AGREE","floor":12.0,"gold_loss":0.0,"damage_taken":0.0,"cards_obtained":["Doubt"]},{"damage_healed":0.0,"max_hp_gain":0.0,"max_hp_loss":0.0,"gold_gain":50.0,"event_name":"Golden Shrine","player_choice":"Pray","floor":21.0,"gold_loss":0.0,"damage_taken":0.0},{"damage_healed":0,"gold_gain":0,"player_choice":"Obtained Relic","damage_taken":0,"relics_obtained":["CeramicFish"],"max_hp_gain":0,"max_hp_loss":0,"event_name":"Addict","floor":31,"gold_loss":85}],"is_beta":false,"boss_relics":[{"not_picked":["SacredBark","Tiny House"],"picked":"Pandora\u0027s Box"}],"items_purged_floors":[5,13,20],"is_endless":false,"potions_floor_spawned":[1,3,7,11,14,16,19,22,27,30],"killed_by":"Champ","ascension_level":18}