{"gold_per_floor":[368,385,395,33,50,50,60,74,74,89,89,107,136,149,149,220,220,234,234,234,108,118,118,168,202,227,227],"floor_reached":27,"playtime":1891,"items_purged":["Writhe"],"score":450,"play_id":"56fbdf2a-0ff3-450e-8be5-16683e8597dc","local_time":"20231229122443","is_ascension_mode":true,"campfire_choices":[{"data":"Apotheosis","floor":6.0,"key":"SMITH"},{"data":"Warcry","floor":15.0,"key":"SMITH"},{"data":"Evolve","floor":23.0,"key":"SMITH"}],"neow_cost":"TEN_PERCENT_HP_LOSS","seed_source_timestamp":0,"circlet_count":0,"master_deck":["AscendersBane","Strike_R","Strike_R","Strike_R","Strike_R","Strike_R","Defend_R","Defend_R","Defend_R","Defend_R","Bash","Flame Barrier","Disarm","Flex","Apotheosis+1","Cleave","Twin Strike","Immolate","Pommel Strike","Warcry+1","Exhume","Shrug It Off","True Grit","Evolve+1","Reckless Charge"],"special_seed":0,"relics":["Black Blood","OrangePellets","Eternal Feather","StrikeDummy","Tiny Chest","Bird Faced Urn","Art of War"],"potions_floor_usage":[],"damage_taken":[{"damage":14.0,"enemies":"Jaw Worm","floor":1.0,"turns":6.0},{"damage":8.0,"enemies":"2 Louse","floor":2.0,"turns":3.0},{"damage":2.0,"enemies":"Small Slimes","floor":3.0,"turns":5.0},{"damage":15.0,"enemies":"3 Louse","floor":5.0,"turns":5.0},{"damage":14.0,"enemies":"Lots of Slimes","floor":7.0,"turns":2.0},{"damage":2.0,"enemies":"Blue Slaver","floor":8.0,"turns":4.0},{"damage":6.0,"enemies":"3 Louse","floor":10.0,"turns":2.0},{"damage":10.0,"enemies":"Large Slime","floor":12.0,"turns":5.0},{"damage":10.0,"enemies":"Lagavulin","floor":13.0,"turns":6.0},{"damage":2.0,"enemies":"2 Fungi Beasts","floor":14.0,"turns":3.0},{"damage":26.0,"enemies":"The Guardian","floor":16.0,"turns":10.0},{"damage":22.0,"enemies":"2 Thieves","floor":18.0,"turns":3.0},{"damage":27.0,"enemies":"Chosen","floor":22.0,"turns":6.0},{"damage":50.0,"enemies":"Slavers","floor":25.0,"turns":8.0},{"damage":31,"enemies":"Shelled Parasite and Fungi","floor":27,"turns":4}],"seed_played":"-2336669114821270929","potions_obtained":[{"floor":1.0,"key":"FairyPotion"},{"floor":3.0,"key":"SmokeBomb"},{"floor":5.0,"key":"PowerPotion"},{"floor":14.0,"key":"PowerPotion"},{"floor":22.0,"key":"Swift Potion"}],"is_trial":false,"path_per_floor":["M","M","M","$","M","R","M","M","T","M","?","M","E","M","R","B",null,"M","?","?","$","M","R","?","E","T","M"],"character_chosen":"IRONCLAD","items_purchased":["Apotheosis","OrangePellets","True Grit"],"campfire_rested":0,"item_purchase_floors":[4,4,21],"current_hp_per_floor":[60,58,62,62,53,53,45,49,49,49,54,50,46,50,62,42,65,55,55,55,55,40,52,45,28,28,0],"gold":227,"neow_bonus":"TWO_FIFTY_GOLD","is_prod":false,"is_daily":false,"chose_seed":false,"campfire_upgraded":3,"win_rate":0,"timestamp":1703881483,"path_taken":["M","M","M","$","M","R","M","M","T","M","?","M","E","M","R","BOSS","M","?","?","$","?","R","?","E","T","M"],"build_version":"2022-12-18","purchased_purges":1,"victory":false,"max_hp_per_floor":[68,68,68,68,68,68,68,68,68,68,73,73,73,73,73,73,73,73,73,73,73,73,73,73,73,73,73],"card_choices":[{"not_picked":["Pummel","Burning Pact"],"picked":"Flame Barrier","floor":1.0},{"not_picked":["Ghostly Armor","Wild Strike"],"picked":"Disarm","floor":2.0},{"not_picked":["Clash","Evolve"],"picked":"Flex","floor":3.0},{"not_picked":["Dark Embrace","Warcry"],"picked":"Cleave","floor":5.0},{"not_picked":["Armaments","Sword Boomerang"],"picked":"Twin Strike","floor":7.0},{"not_picked":["Flex","Havoc","Armaments"],"picked":"SKIP","floor":8.0},{"not_picked":["Clothesline","Rupture"],"picked":"Immolate","floor":10.0},{"not_picked":["Whirlwind","Carnage","Heavy Blade"],"picked":"SKIP","floor":12.0},{"not_picked":["Burning Pact","Perfected Strike"],"picked":"Pommel Strike","floor":13.0},{"not_picked":["Clash","Perfected Strike"],"picked":"Warcry","floor":14.0},{"not_picked":["Brutality","Double Tap"],"picked":"Exhume","floor":16.0},{"not_picked":["Heavy Blade","Warcry"],"picked":"Shrug It Off","floor":18.0},{"not_picked":["Sentinel","Sword Boomerang"],"picked":"Evolve","floor":22.0},{"not_picked":["Clash","Thunderclap"],"picked":"Reckless Charge","floor":25.0}],"player_experience":990463,"relics_obtained":[{"floor":9.0,"key":"Eternal Feather"},{"floor":13.0,"key":"StrikeDummy"},{"floor":25.0,"key":"Bird Faced Urn"},{"floor":26.0,"key":"Art of War"}],"event_choices":[{"damage_healed":0.0,"max_hp_gain":5.0,"max_hp_loss":0.0,"gold_gain":0.0,"event_name":"Big Fish","player_choice":"Donut","floor":11.0,"gold_loss":0.0,"damage_taken":0.0},{"damage_healed":0.0,"max_hp_gain":0.0,"max_hp_loss":0.0,"gold_gain":0.0,"event_name":"The Mausoleum","player_choice":"Opened","floor":19.0,"gold_loss":0.0,"damage_taken":0.0,"relics_obtained":["Tiny Chest"],"cards_obtained":["Writhe"]},{"damage_healed":0.0,"max_hp_gain":0.0,"max_hp_loss":0.0,"gold_gain":0.0,"event_name":"N\u0027loth","player_choice":"Ignored","floor":20.0,"gold_loss":0.0,"damage_taken":0.0},{"damage_healed":0.0,"max_hp_gain":0.0,"max_hp_loss":0.0,"gold_gain":50.0,"event_name":"FaceTrader","player_choice":"Touch","floor":24.0,"gold_loss":0.0,"damage_taken":7.0}],"is_beta":false,"boss_relics":[{"not_picked":["Runic Cube","Runic Dome"],"picked":"Black Blood"}],"items_purged_floors":[21],"is_endless":false,"potions_floor_spawned":[1,3,5,7,14,22],"killed_by":"Shelled Parasite and Fungi","ascension_level":18}