{"gold_per_floor":[10,26,37,37,55,85,85,102,102,144,168,211,223,36,36,129,129,147,172,172,97,136,136,136],"floor_reached":24,"playtime":988,"items_purged":[],"score":395,"play_id":"6da94cb5-d049-410e-bd69-f80ba5476677","local_time":"20231229151036","is_ascension_mode":true,"campfire_choices":[{"floor":7.0,"key":"REST"},{"data":"Disarm","floor":15.0,"key":"SMITH"},{"data":"Uppercut","floor":23,"key":"SMITH"}],"neow_cost":"NO_GOLD","seed_source_timestamp":0,"circlet_count":0,"master_deck":["AscendersBane","Strike_R","Strike_R","Strike_R","Strike_R","Defend_R+1","Defend_R","Defend_R","Defend_R","Bash","The Bomb","Uppercut+1","True Grit+1","Pommel Strike","Shrug It Off","Disarm+1","Shrug It Off","Anger","Demon Form","HandOfGreed","Feed","Feel No Pain"],"special_seed":0,"relics":["Burning Blood","Lantern","MawBank","Red Skull","Golden Idol","Philosopher\u0027s Stone"],"potions_floor_usage":[22],"damage_taken":[{"damage":10.0,"enemies":"2 Louse","floor":1.0,"turns":3.0},{"damage":9.0,"enemies":"Jaw Worm","floor":2.0,"turns":4.0},{"damage":4.0,"enemies":"Small Slimes","floor":3.0,"turns":4.0},{"damage":0.0,"enemies":"Looter","floor":5.0,"turns":4.0},{"damage":35.0,"enemies":"Gremlin Nob","floor":6.0,"turns":4.0},{"damage":0.0,"enemies":"2 Fungi Beasts","floor":8.0,"turns":3.0},{"damage":5.0,"enemies":"Gremlin Gang","floor":11.0,"turns":4.0},{"damage":17.0,"enemies":"3 Sentries","floor":12.0,"turns":7.0},{"damage":5.0,"enemies":"Hexaghost","floor":16.0,"turns":9.0},{"damage":31.0,"enemies":"Spheric Guardian","floor":18.0,"turns":5.0},{"damage":6.0,"enemies":"2 Thieves","floor":19.0,"turns":4.0},{"damage":14,"enemies":"Centurion and Healer","floor":22,"turns":7},{"damage":36,"enemies":"Gremlin Leader","floor":24,"turns":3}],"seed_played":"675883926819056637","potions_obtained":[{"floor":1.0,"key":"SteroidPotion"},{"floor":2.0,"key":"SkillPotion"},{"floor":8.0,"key":"Explosive Potion"},{"floor":11.0,"key":"Dexterity Potion"},{"floor":19.0,"key":"SkillPotion"}],"is_trial":false,"path_per_floor":["M","M","M","?","M","E","R","M","T","?","M","E","?","$","R","B",null,"M","M","?","?","M","R","E"],"character_chosen":"IRONCLAD","items_purchased":["HandOfGreed"],"campfire_rested":1,"item_purchase_floors":[14],"current_hp_per_floor":[64,61,63,40,46,17,39,45,45,45,46,35,35,35,35,36,60,35,38,38,38,33,33,0],"gold":136,"neow_bonus":"RANDOM_COLORLESS_2","is_prod":false,"is_daily":false,"chose_seed":false,"campfire_upgraded":2,"win_rate":0,"timestamp":1703891436,"path_taken":["M","M","M","?","M","E","R","M","T","?","?","E","?","$","R","BOSS","M","M","?","?","M","R","E"],"build_version":"2022-12-18","purchased_purges":0,"victory":false,"max_hp_per_floor":[75,75,75,75,75,75,75,75,75,75,75,75,68,68,68,68,68,68,71,71,71,74,74,74],"card_choices":[{"not_picked":["Master of Strategy","Mayhem"],"picked":"The Bomb","floor":0.0},{"not_picked":["Dropkick","Perfected Strike"],"picked":"Uppercut","floor":1.0},{"not_picked":["Havoc","Metallicize"],"picked":"True Grit","floor":2.0},{"not_picked":["Heavy Blade","Wild Strike"],"picked":"Pommel Strike","floor":3.0},{"not_picked":["Flex","Perfected Strike"],"picked":"Shrug It Off","floor":5.0},{"not_picked":["Impervious","Clash"],"picked":"Disarm","floor":6.0},{"not_picked":["Armaments","Body Slam"],"picked":"Shrug It Off","floor":8.0},{"not_picked":["Dropkick","Evolve"],"picked":"Anger","floor":11.0},{"not_picked":["Combust","Wild Strike"],"picked":"Demon Form","floor":12.0},{"not_picked":["Limit Break","Bludgeon"],"picked":"Feed","floor":16.0},{"not_picked":["Searing Blow","Wild Strike","Sword Boomerang"],"picked":"SKIP","floor":18.0},{"not_picked":["Perfected Strike","Rupture","Pummel"],"picked":"SKIP","floor":19.0},{"not_picked":["Sword Boomerang","Flex"],"picked":"Feel No Pain","floor":22}],"player_experience":992354,"relics_obtained":[{"floor":6.0,"key":"Lantern"},{"floor":9.0,"key":"MawBank"},{"floor":12.0,"key":"Red Skull"}],"event_choices":[{"damage_healed":0.0,"max_hp_gain":0.0,"max_hp_loss":0.0,"gold_gain":0.0,"event_name":"Shining Light","player_choice":"Entered Light","floor":4.0,"gold_loss":0.0,"damage_taken":23.0,"cards_upgraded":["Defend_R","True Grit"]},{"damage_healed":0.0,"max_hp_gain":0.0,"max_hp_loss":0.0,"gold_gain":30.0,"event_name":"Dead Adventurer","player_choice":"Searched \u00271\u0027 times","floor":10.0,"gold_loss":0.0,"damage_taken":0.0},{"damage_healed":0.0,"max_hp_gain":0.0,"max_hp_loss":7.0,"gold_gain":0.0,"event_name":"Golden Idol","player_choice":"Lose Max HP","floor":13.0,"gold_loss":0.0,"damage_taken":0.0,"relics_obtained":["Golden Idol"]},{"damage_healed":0.0,"max_hp_gain":0.0,"max_hp_loss":0.0,"gold_gain":0.0,"event_name":"The Mausoleum","player_choice":"Ignored","floor":20.0,"gold_loss":0.0,"damage_taken":0.0},{"cards_removed":["Strike_R"],"damage_healed":0.0,"max_hp_gain":0.0,"max_hp_loss":0.0,"gold_gain":0.0,"event_name":"Beggar","player_choice":"Gave Gold","floor":21.0,"gold_loss":75.0,"damage_taken":0.0}],"is_beta":false,"boss_relics":[{"not_picked":["Cursed Key","Coffee Dripper"],"picked":"Philosopher\u0027s Stone"}],"items_purged_floors":[],"is_endless":false,"potions_floor_spawned":[1,2,8,11,19],"killed_by":"Gremlin Leader","ascension_level":18}