{"gold_per_floor":[111,111,121,121,46,46,56,74,74,89,89,123,134,166,166,242,242,259,259,259,275,290,290,290],"floor_reached":24,"playtime":1047,"items_purged":[],"score":420,"play_id":"34a9ed1d-018c-4bbe-bd52-fbbfdf361e6f","local_time":"20240121192145","is_ascension_mode":true,"campfire_choices":[{"data":"Pommel Strike","floor":6.0,"key":"SMITH"},{"data":"Dual Wield","floor":11.0,"key":"SMITH"},{"floor":15.0,"key":"REST"},{"floor":23,"key":"REST"}],"neow_cost":"TEN_PERCENT_HP_LOSS","seed_source_timestamp":21601102911600,"circlet_count":0,"master_deck":["AscendersBane","Defend_R","Defend_R+1","Defend_R","Bash+1","Dropkick","Pommel Strike+1","Dual Wield+1","Thunderclap","Anger","Shockwave","Infernal Blade","Barricade","Bite","Bite","Bite","Bite","Bite","Pommel Strike"],"special_seed":0,"relics":["Burning Blood","Mango","Sundial","Matryoshka","Oddly Smooth Stone","Snecko Eye"],"potions_floor_usage":[16,16,21,22],"damage_taken":[{"damage":4.0,"enemies":"Small Slimes","floor":1.0,"turns":4.0},{"damage":1.0,"enemies":"2 Louse","floor":3.0,"turns":3.0},{"damage":0.0,"enemies":"Cultist","floor":7.0,"turns":2.0},{"damage":1.0,"enemies":"Looter","floor":8.0,"turns":4.0},{"damage":14.0,"enemies":"Lots of Slimes","floor":10.0,"turns":4.0},{"damage":9.0,"enemies":"Gremlin Nob","floor":12.0,"turns":3.0},{"damage":12.0,"enemies":"Blue Slaver","floor":13.0,"turns":4.0},{"damage":27.0,"enemies":"Lagavulin","floor":14.0,"turns":5.0},{"damage":58,"enemies":"The Guardian","floor":16,"turns":10},{"damage":18,"enemies":"Spheric Guardian","floor":18,"turns":4},{"damage":16,"enemies":"2 Thieves","floor":21,"turns":3},{"damage":52,"enemies":"Sentry and Sphere","floor":22,"turns":6},{"damage":41,"enemies":"Slavers","floor":24,"turns":2}],"seed_played":"-6882974387310351867","potions_obtained":[{"floor":1.0,"key":"Regen Potion"},{"floor":3.0,"key":"EssenceOfSteel"},{"floor":7.0,"key":"Explosive Potion"},{"floor":13.0,"key":"ElixirPotion"},{"floor":16,"key":"BloodPotion"},{"floor":18,"key":"GamblersBrew"}],"is_trial":false,"path_per_floor":["M","?","M","?","?","R","M","M","T","M","R","E","M","E","R","B",null,"M","?","?","M","M","R","E"],"character_chosen":"IRONCLAD","items_purchased":[],"campfire_rested":2,"item_purchase_floors":[],"current_hp_per_floor":[68,48,53,62,62,62,68,73,73,65,65,62,56,35,59,22,67,55,55,40,34,14,32,0],"gold":290,"neow_bonus":"REMOVE_TWO","is_prod":false,"is_daily":false,"chose_seed":false,"campfire_upgraded":2,"win_rate":0,"timestamp":1705893705,"path_taken":["M","?","M","?","?","R","M","M","T","M","R","E","M","E","R","BOSS","M","?","?","M","M","R","E"],"build_version":"2022-12-18","purchased_purges":0,"victory":false,"max_hp_per_floor":[68,68,68,82,82,82,82,82,82,82,82,82,82,82,82,82,82,82,57,62,62,62,62,62],"card_choices":[{"not_picked":["Rage","Evolve"],"picked":"Dropkick","floor":1.0},{"not_picked":["Sever Soul","Evolve"],"picked":"Pommel Strike","floor":3.0},{"not_picked":["Warcry","Flex"],"picked":"Dual Wield","floor":7.0},{"not_picked":["Body Slam","Warcry"],"picked":"Thunderclap","floor":8.0},{"not_picked":["Fire Breathing","Uppercut"],"picked":"Anger","floor":10.0},{"not_picked":["Evolve","Metallicize"],"picked":"Shockwave","floor":12.0},{"not_picked":["Cleave","Anger","Flex"],"picked":"SKIP","floor":13.0},{"not_picked":["Pommel Strike","Heavy Blade"],"picked":"Infernal Blade","floor":14.0},{"not_picked":["Immolate","Double Tap"],"picked":"Barricade","floor":16},{"not_picked":["Searing Blow","Spot Weakness","Wild Strike"],"picked":"SKIP","floor":18},{"not_picked":["Heavy Blade","Headbutt","Hemokinesis"],"picked":"SKIP","floor":21},{"not_picked":["Pommel Strike","Anger","Sword Boomerang"],"picked":"SKIP","floor":22},{"not_picked":["Anger","Sword Boomerang"],"picked":"Pommel Strike","floor":22}],"player_experience":995643,"relics_obtained":[{"floor":9.0,"key":"Sundial"},{"floor":12.0,"key":"Matryoshka"},{"floor":14.0,"key":"Oddly Smooth Stone"}],"event_choices":[{"damage_healed":0.0,"max_hp_gain":0.0,"max_hp_loss":0.0,"gold_gain":0.0,"event_name":"Shining Light","player_choice":"Entered Light","floor":2.0,"gold_loss":0.0,"damage_taken":20.0,"cards_upgraded":["Bash","Defend_R"]},{"damage_healed":0.0,"max_hp_gain":0.0,"max_hp_loss":0.0,"gold_gain":0.0,"event_name":"Scrap Ooze","player_choice":"Success","floor":4.0,"gold_loss":0.0,"damage_taken":5.0,"relics_obtained":["Mango"]},{"cards_removed":["Strike_R"],"damage_healed":0.0,"max_hp_gain":0.0,"max_hp_loss":0.0,"gold_gain":0.0,"event_name":"The Cleric","player_choice":"Card Removal","floor":5.0,"gold_loss":75.0,"damage_taken":0.0},{"damage_healed":0,"gold_gain":0,"player_choice":"Became a vampire","damage_taken":0,"max_hp_gain":0,"max_hp_loss":25,"event_name":"Vampires","floor":19,"gold_loss":0,"cards_obtained":["Bite","Bite","Bite","Bite","Bite"]},{"damage_healed":0,"gold_gain":0,"player_choice":"Shed Blood","damage_taken":20,"max_hp_gain":5,"max_hp_loss":0,"event_name":"Forgotten Altar","floor":20,"gold_loss":0}],"is_beta":false,"boss_relics":[{"not_picked":["Runic Cube","Busted Crown"],"picked":"Snecko Eye"}],"items_purged_floors":[],"is_endless":false,"potions_floor_spawned":[1,3,7,13,16,18],"killed_by":"Slavers","ascension_level":18}