{"gold_per_floor":[14,32,45,45,58,58,92,92,92,110,30,41,59,85,85,159,159,174,174,192,204,221,221,171,171,195,235,266,309,321,344,356,368],"floor_reached":33,"playtime":1931,"items_purged":[],"score":597,"play_id":"5d79a069-3e6e-4d13-a2b2-3a04731a40e2","local_time":"20240121195500","is_ascension_mode":true,"campfire_choices":[{"data":"Bash","floor":6.0,"key":"SMITH"},{"floor":8.0,"key":"REST"},{"data":"Battle Trance","floor":15.0,"key":"SMITH"},{"data":"Armaments","floor":23.0,"key":"SMITH"},{"floor":25.0,"key":"REST"},{"floor":30,"key":"REST"},{"data":"Pommel Strike","floor":32,"key":"SMITH"}],"neow_cost":"NO_GOLD","seed_source_timestamp":22811793497100,"circlet_count":0,"master_deck":["AscendersBane","Defend_R","Defend_R","Defend_R","Defend_R","Bash+1","Reaper","Shrug It Off","Headbutt","Blood for Blood","Battle Trance+1","Reaper","Shrug It Off","Metallicize","Bloodletting","Bludgeon","Armaments+1","Bite","Bite","Bite","Bite","Bite","Metallicize+1","Flex","Juggernaut","Pommel Strike+1"],"special_seed":0,"relics":["Burning Blood","HornCleat","Ornamental Fan","Matryoshka","Velvet Choker","MawBank","Bag of Preparation","Ginger","Question Card"],"potions_floor_usage":[29,33,33],"damage_taken":[{"damage":18.0,"enemies":"Cultist","floor":1.0,"turns":5.0},{"damage":23.0,"enemies":"Jaw Worm","floor":2.0,"turns":7.0},{"damage":1.0,"enemies":"2 Louse","floor":3.0,"turns":5.0},{"damage":20.0,"enemies":"Red Slaver","floor":5.0,"turns":5.0},{"damage":38.0,"enemies":"Gremlin Nob","floor":7.0,"turns":4.0},{"damage":8.0,"enemies":"Blue Slaver","floor":10.0,"turns":4.0},{"damage":23.0,"enemies":"Exordium Wildlife","floor":12.0,"turns":7.0},{"damage":23.0,"enemies":"Gremlin Gang","floor":13.0,"turns":8.0},{"damage":13.0,"enemies":"3 Sentries","floor":14.0,"turns":13.0},{"damage":36.0,"enemies":"Hexaghost","floor":16.0,"turns":15.0},{"damage":19.0,"enemies":"3 Byrds","floor":18.0,"turns":8.0},{"damage":24.0,"enemies":"Chosen","floor":20.0,"turns":4.0},{"damage":34.0,"enemies":"Snake Plant","floor":21.0,"turns":6.0},{"damage":37.0,"enemies":"Cultist and Chosen","floor":22.0,"turns":10.0},{"damage":14.0,"enemies":"Book of Stabbing","floor":27.0,"turns":4.0},{"damage":11.0,"enemies":"Shelled Parasite and Fungi","floor":28.0,"turns":8.0},{"damage":51,"enemies":"Slavers","floor":29,"turns":7},{"damage":4,"enemies":"Snecko","floor":31,"turns":5},{"damage":96,"enemies":"Automaton","floor":33,"turns":12}],"seed_played":"2264713712344291946","potions_obtained":[{"floor":5.0,"key":"Strength Potion"},{"floor":10.0,"key":"EssenceOfSteel"},{"floor":14.0,"key":"SneckoOil"},{"floor":16.0,"key":"Energy Potion"},{"floor":21.0,"key":"DuplicationPotion"},{"floor":28.0,"key":"Weak Potion"},{"floor":29,"key":"LiquidMemories"},{"floor":31,"key":"DistilledChaos"}],"is_trial":false,"path_per_floor":["M","M","M","?","M","R","E","R","T","M","$","M","M","E","R","B",null,"M","?","M","M","M","R","?","R","T","E","M","E","R","M","R","B"],"character_chosen":"IRONCLAD","items_purchased":["DistilledChaos"],"campfire_rested":3,"item_purchase_floors":[11],"current_hp_per_floor":[62,49,62,62,48,48,16,38,38,42,42,37,43,56,56,38,66,61,52,37,29,26,26,26,41,41,41,52,15,30,44,44,0],"gold":368,"neow_bonus":"THREE_RARE_CARDS","is_prod":false,"is_daily":false,"chose_seed":false,"campfire_upgraded":4,"win_rate":0,"timestamp":1705895700,"path_taken":["M","M","?","?","M","R","E","R","T","M","?","M","M","E","R","BOSS","M","?","M","M","M","R","?","R","T","E","?","E","R","M","R","BOSS"],"build_version":"2022-12-18","purchased_purges":0,"victory":false,"max_hp_per_floor":[75,75,75,75,75,75,75,75,75,75,75,75,75,75,75,75,75,75,52,52,52,52,52,52,52,52,52,52,52,52,52,52,52],"card_choices":[{"not_picked":["Barricade","Double Tap"],"picked":"Reaper","floor":0.0},{"not_picked":["Clash","Sword Boomerang","Entrench"],"picked":"SKIP","floor":1.0},{"not_picked":["Bloodletting","Carnage"],"picked":"Shrug It Off","floor":2.0},{"not_picked":["Searing Blow","Heavy Blade"],"picked":"Headbutt","floor":3.0},{"not_picked":["Rupture","Iron Wave"],"picked":"Battle Trance","floor":5.0},{"not_picked":["Cleave","Clash"],"picked":"Reaper","floor":7.0},{"not_picked":["Clothesline","Headbutt","Sword Boomerang"],"picked":"SKIP","floor":10.0},{"not_picked":["Thunderclap","Warcry"],"picked":"Shrug It Off","floor":12.0},{"not_picked":["Havoc","Fire Breathing"],"picked":"Metallicize","floor":13.0},{"not_picked":["Ghostly Armor","Battle Trance"],"picked":"Bloodletting","floor":14.0},{"not_picked":["Limit Break","Juggernaut"],"picked":"Bludgeon","floor":16.0},{"not_picked":["Seeing Red","Second Wind"],"picked":"Armaments","floor":18.0},{"not_picked":["Fire Breathing","Rage"],"picked":"Metallicize+1","floor":20.0},{"not_picked":["Dark Embrace+1","Carnage","Body Slam"],"picked":"SKIP","floor":21.0},{"not_picked":["Perfected Strike","Body Slam"],"picked":"Flex","floor":22.0},{"not_picked":["Body Slam","Headbutt","Perfected Strike"],"picked":"SKIP","floor":27.0},{"not_picked":["Armaments","Pummel+1"],"picked":"Juggernaut","floor":28.0},{"not_picked":["Inflame","Clothesline"],"picked":"Pommel Strike","floor":29},{"not_picked":["Perfected Strike","Heavy Blade","Dark Embrace","Rampage"],"picked":"SKIP","floor":31}],"player_experience":996690,"relics_obtained":[{"floor":7.0,"key":"HornCleat"},{"floor":9.0,"key":"Ornamental Fan"},{"floor":14.0,"key":"Matryoshka"},{"floor":26.0,"key":"MawBank"},{"floor":26.0,"key":"Bag of Preparation"},{"floor":27.0,"key":"Ginger"},{"floor":29,"key":"Question Card"}],"event_choices":[{"damage_healed":0.0,"max_hp_gain":0.0,"max_hp_loss":0.0,"gold_gain":0.0,"cards_transformed":["Strike_R"],"event_name":"Living Wall","player_choice":"Change","floor":4.0,"gold_loss":0.0,"damage_taken":0.0,"cards_obtained":["Blood for Blood"]},{"damage_healed":0.0,"max_hp_gain":0.0,"max_hp_loss":23.0,"gold_gain":0.0,"event_name":"Vampires","player_choice":"Became a vampire","floor":19.0,"gold_loss":0.0,"damage_taken":0.0,"cards_obtained":["Bite","Bite","Bite","Bite","Bite"]},{"damage_healed":0.0,"max_hp_gain":0.0,"max_hp_loss":0.0,"gold_gain":0.0,"event_name":"The Joust","player_choice":"Bet on Owner","floor":24.0,"gold_loss":50.0,"damage_taken":0.0}],"is_beta":false,"boss_relics":[{"not_picked":["Busted Crown","Ectoplasm"],"picked":"Velvet Choker"}],"items_purged_floors":[],"is_endless":false,"potions_floor_spawned":[5,10,14,16,21,28,29,31],"killed_by":"Automaton","ascension_level":18}