{"gold_per_floor":[113,125,125,140,159,159,171,204,204,154,171,171,204,221,221,325,325,341,352,352,371,46,46,73,86,86,86],"floor_reached":27,"playtime":1582,"items_purged":[],"score":340,"play_id":"411eeebf-dbc0-4b4d-b8f2-219cb5d851b7","local_time":"20240125000658","is_ascension_mode":true,"campfire_choices":[{"data":"Bash","floor":6.0,"key":"SMITH"},{"data":"Body Slam","floor":12.0,"key":"SMITH"},{"data":"Hologram","floor":15.0,"key":"SMITH"},{"floor":23,"key":"REST"}],"neow_cost":"NONE","seed_source_timestamp":929379529940900,"circlet_count":0,"master_deck":["Bash+1","Exhume","BootSequence","Uppercut","BowlingBash","Body Slam+1","Evaluate","Hologram+1","Evolve","Perseverance","Adrenaline","Body Slam","Demon Form","Juggernaut","Reckless Charge","Hemokinesis","Demon Form","Exhume","Pommel Strike","Second Wind","Battle Trance+1","EmptyBody","Ghostly Armor","Dual Wield+1"],"special_seed":0,"relics":["Burning Blood","PrismaticShard","Pantograph","WingedGreaves","Calipers","Bottled Lightning","Pandora\u0027s Box","Mummified Hand","Molten Egg 2","Eternal Feather"],"potions_floor_usage":[25],"damage_taken":[{"damage":7.0,"enemies":"Small Slimes","floor":1.0,"turns":4.0},{"damage":0.0,"enemies":"2 Louse","floor":2.0,"turns":2.0},{"damage":0.0,"enemies":"Jaw Worm","floor":4.0,"turns":3.0},{"damage":5.0,"enemies":"2 Fungi Beasts","floor":5.0,"turns":4.0},{"damage":1.0,"enemies":"3 Louse","floor":7.0,"turns":3.0},{"damage":31.0,"enemies":"Gremlin Nob","floor":8.0,"turns":5.0},{"damage":2.0,"enemies":"Blue Slaver","floor":11.0,"turns":3.0},{"damage":0.0,"enemies":"3 Sentries","floor":13.0,"turns":5.0},{"damage":1.0,"enemies":"Looter","floor":14.0,"turns":2.0},{"damage":58.0,"enemies":"Slime Boss","floor":16.0,"turns":13.0},{"damage":17.0,"enemies":"2 Thieves","floor":18.0,"turns":5.0},{"damage":7.0,"enemies":"Shell Parasite","floor":19.0,"turns":5.0},{"damage":25.0,"enemies":"Snecko","floor":21.0,"turns":6.0},{"damage":15,"enemies":"Book of Stabbing","floor":24,"turns":4},{"damage":29,"enemies":"Centurion and Healer","floor":25,"turns":6},{"damage":28,"enemies":"Snake Plant","floor":27,"turns":3}],"seed_played":"-8692018294527380020","potions_obtained":[{"floor":1.0,"key":"SteroidPotion"},{"floor":2.0,"key":"Ancient Potion"},{"floor":8.0,"key":"Explosive Potion"},{"floor":14.0,"key":"PowerPotion"},{"floor":16.0,"key":"FearPotion"},{"floor":19.0,"key":"Weak Potion"},{"floor":24,"key":"GamblersBrew"}],"is_trial":false,"path_per_floor":["M","M","?","M","M","R","M","E","T","?","M","R","E","M","R","B",null,"M","M","?","M","$","R","E","M","T","M"],"character_chosen":"IRONCLAD","basemod:card_modifiers":[null,null,null,null,null,null,null,null,null,null,null,null,null,null,null,null,null,null,null,null,null,null,null,null],"items_purchased":["Mummified Hand","Ghostly Armor"],"campfire_rested":1,"item_purchase_floors":[22,22],"current_hp_per_floor":[79,80,77,80,80,80,80,55,55,55,59,59,65,70,70,28,67,56,55,55,36,36,60,51,28,28,0],"gold":86,"neow_bonus":"ONE_RANDOM_RARE_CARD","is_prod":false,"is_daily":false,"chose_seed":false,"campfire_upgraded":3,"win_rate":0,"timestamp":1706170018,"path_taken":["M","M","?","M","M","R","M","E","T","?","M","R","E","M","R","BOSS","M","M","?","M","$","R","E","M","T","M"],"build_version":"2022-12-18","purchased_purges":0,"victory":false,"max_hp_per_floor":[80,80,80,80,80,80,80,80,80,80,80,80,80,80,80,80,80,80,80,80,80,80,80,80,80,80,80],"card_choices":[{"not_picked":["Entrench","Ball Lightning"],"picked":"BootSequence","floor":1.0},{"not_picked":["Endless Agony","FearNoEvil"],"picked":"Uppercut","floor":2.0},{"not_picked":["FTL","JustLucky"],"picked":"BowlingBash","floor":4.0},{"not_picked":["Uppercut","Twin Strike"],"picked":"Body Slam","floor":5.0},{"not_picked":["Second Wind","Setup","ClearTheMind"],"picked":"SKIP","floor":7.0},{"not_picked":["Sunder","Amplify"],"picked":"Evaluate","floor":8.0},{"not_picked":["Go for the Eyes","Headbutt"],"picked":"Hologram","floor":11.0},{"not_picked":["SashWhip","Outmaneuver"],"picked":"Evolve","floor":13.0},{"not_picked":["ReachHeaven","Headbutt"],"picked":"Perseverance","floor":14.0},{"not_picked":["LessonLearned","Core Surge"],"picked":"Adrenaline","floor":16.0},{"not_picked":["Accuracy","Reflex"],"picked":"Second Wind","floor":18.0},{"not_picked":["EmptyFist","Blind"],"picked":"Battle Trance+1","floor":19.0},{"not_picked":["Metallicize+1","Masterful Stab+1"],"picked":"EmptyBody","floor":21.0},{"not_picked":["FlurryOfBlows+1","Masterful Stab+1"],"picked":"Dual Wield+1","floor":24},{"not_picked":["Body Slam+1","Warcry","Blade Dance"],"picked":"SKIP","floor":25}],"player_experience":1003318,"relics_obtained":[{"floor":8.0,"key":"WingedGreaves"},{"floor":9.0,"key":"Calipers"},{"floor":13.0,"key":"Bottled Lightning"},{"floor":24,"key":"Molten Egg 2"},{"floor":26,"key":"Eternal Feather"}],"event_choices":[{"damage_healed":0.0,"max_hp_gain":0.0,"max_hp_loss":0.0,"gold_gain":0.0,"event_name":"Scrap Ooze","player_choice":"Success","floor":3.0,"gold_loss":0.0,"damage_taken":3.0,"relics_obtained":["Pantograph"]},{"cards_removed":["Strike_R"],"damage_healed":0.0,"max_hp_gain":0.0,"max_hp_loss":0.0,"gold_gain":0.0,"event_name":"The Cleric","player_choice":"Card Removal","floor":10.0,"gold_loss":50.0,"damage_taken":0.0},{"damage_healed":0.0,"max_hp_gain":0.0,"max_hp_loss":0.0,"gold_gain":0.0,"event_name":"Vampires","player_choice":"Ignored","floor":20.0,"gold_loss":0.0,"damage_taken":0.0}],"is_beta":false,"boss_relics":[{"not_picked":["Fusion Hammer","Runic Cube"],"picked":"Pandora\u0027s Box"}],"items_purged_floors":[],"is_endless":false,"potions_floor_spawned":[1,2,8,14,16,19,24],"killed_by":"Snake Plant","ascension_level":5}