{"gold_per_floor":[111,36,51,68,68,68,48,48,48,75,87,117,127,144,144,239,239,257,270,195,195],"floor_reached":21,"playtime":1103,"items_purged":["Injury"],"score":239,"play_id":"11ad2825-9760-448f-874d-8de308ba8eb2","local_time":"20240124223900","is_ascension_mode":true,"campfire_choices":[{"data":"Bash","floor":6.0,"key":"SMITH"},{"data":"Iron Wave","floor":8.0,"key":"SMITH"},{"data":"Worship","floor":15.0,"key":"SMITH"}],"neow_cost":"CURSE","seed_source_timestamp":924612877903300,"circlet_count":0,"master_deck":["Strike_R","Strike_R","Strike_R","Strike_R","Defend_R","Defend_R","Defend_R","Defend_R","Bash+1","Pummel","Dagger Throw","Iron Wave+1","PiercingWail","CrushJoints","ForeignInfluence","Deadly Poison","Worship+1","Secret Weapon","Acrobatics+1","ThirdEye+1"],"special_seed":0,"relics":["Burning Blood","PrismaticShard","Torii","White Beast Statue","Regal Pillow","Frozen Egg 2","Snecko Eye"],"potions_floor_usage":[19,19,21],"damage_taken":[{"damage":1.0,"enemies":"Small Slimes","floor":1.0,"turns":4.0},{"damage":1.0,"enemies":"2 Louse","floor":3.0,"turns":2.0},{"damage":1.0,"enemies":"Cultist","floor":4.0,"turns":3.0},{"damage":16.0,"enemies":"Gremlin Nob","floor":10.0,"turns":4.0},{"damage":1.0,"enemies":"3 Louse","floor":11.0,"turns":3.0},{"damage":19.0,"enemies":"Lagavulin","floor":12.0,"turns":6.0},{"damage":3.0,"enemies":"Blue Slaver","floor":13.0,"turns":4.0},{"damage":10.0,"enemies":"Lots of Slimes","floor":14.0,"turns":4.0},{"damage":41.0,"enemies":"Hexaghost","floor":16.0,"turns":7.0},{"damage":33,"enemies":"Shell Parasite","floor":18,"turns":7},{"damage":18,"enemies":"Spheric Guardian","floor":19,"turns":4},{"damage":37,"enemies":"3 Cultists","floor":21,"turns":5}],"seed_played":"-5229487988634341627","potions_obtained":[{"floor":3.0,"key":"LiquidMemories"},{"floor":7.0,"key":"Explosive Potion"},{"floor":10.0,"key":"AttackPotion"},{"floor":11.0,"key":"SteroidPotion"},{"floor":12.0,"key":"BlessingOfTheForge"},{"floor":16.0,"key":"Dexterity Potion"},{"floor":18,"key":"SpeedPotion"},{"floor":19,"key":"SneckoOil"}],"is_trial":false,"path_per_floor":["M","$","M","M","?","R","?","R","T","E","M","E","M","M","R","B",null,"M","M","?","M"],"character_chosen":"IRONCLAD","basemod:card_modifiers":[null,null,null,null,null,null,null,null,null,null,null,null,null,null,null,null,null,null,null,null],"items_purchased":[],"campfire_rested":0,"item_purchase_floors":[],"current_hp_per_floor":[80,80,80,80,85,85,85,85,85,75,80,67,70,66,66,31,72,45,33,33,0],"gold":195,"neow_bonus":"ONE_RARE_RELIC","is_prod":false,"is_daily":false,"chose_seed":false,"campfire_upgraded":3,"win_rate":0,"timestamp":1706164740,"path_taken":["M","$","M","M","?","R","?","R","T","E","?","E","M","M","R","BOSS","M","M","?","M"],"build_version":"2022-12-18","purchased_purges":1,"victory":false,"max_hp_per_floor":[80,80,80,80,85,85,85,85,85,85,85,85,85,85,85,85,85,85,85,85,85],"card_choices":[{"not_picked":["Deep Breath","Redo"],"picked":"Pummel","floor":1.0},{"not_picked":["Clothesline","Hologram"],"picked":"Dagger Throw","floor":3.0},{"not_picked":["Distraction","Melter"],"picked":"Iron Wave","floor":4.0},{"not_picked":["Darkness","Crescendo"],"picked":"PiercingWail","floor":10.0},{"not_picked":["Stack","Finesse"],"picked":"CrushJoints","floor":11.0},{"not_picked":["Violence","Tactician"],"picked":"ForeignInfluence","floor":12.0},{"not_picked":["JustLucky","Force Field"],"picked":"Deadly Poison","floor":13.0},{"not_picked":["ForeignInfluence","ThirdEye"],"picked":"Worship","floor":14.0},{"not_picked":["Metamorphosis","Blasphemy"],"picked":"Secret Weapon","floor":16.0},{"not_picked":["FearNoEvil+1","Defragment+1"],"picked":"Acrobatics+1","floor":18},{"not_picked":["FollowUp","Havoc+1"],"picked":"ThirdEye+1","floor":19}],"player_experience":1002215,"relics_obtained":[{"floor":9.0,"key":"White Beast Statue"},{"floor":10.0,"key":"Regal Pillow"},{"floor":12.0,"key":"Frozen Egg 2"}],"event_choices":[{"damage_healed":0.0,"max_hp_gain":5.0,"max_hp_loss":0.0,"gold_gain":0.0,"event_name":"Big Fish","player_choice":"Donut","floor":5.0,"gold_loss":0.0,"damage_taken":0.0},{"damage_healed":0.0,"max_hp_gain":0.0,"max_hp_loss":0.0,"gold_gain":0.0,"event_name":"The Woman in Blue","player_choice":"Bought 1 Potion","floor":7.0,"gold_loss":0.0,"damage_taken":0.0},{"cards_removed":["Strike_R"],"damage_healed":0,"gold_gain":0,"player_choice":"Gave Gold","damage_taken":0,"max_hp_gain":0,"max_hp_loss":0,"event_name":"Beggar","floor":20,"gold_loss":75}],"is_beta":false,"boss_relics":[{"not_picked":["Sozu","Tiny House"],"picked":"Snecko Eye"}],"items_purged_floors":[2],"is_endless":false,"potions_floor_spawned":[3,10,11,12,13,14,16,18,19],"killed_by":"3 Cultists","ascension_level":5}