{"gold_per_floor":[19,29,29,53,76,76,101,122,122,163,163,179,203,244,244,338,338,358,377,212,226,226],"floor_reached":22,"playtime":1095,"items_purged":["Strike_R"],"score":384,"play_id":"81297b14-379f-4631-9e12-74e18389ed15","local_time":"20240127211614","is_ascension_mode":true,"campfire_choices":[{"data":"Armaments","floor":6.0,"key":"SMITH"},{"floor":11.0,"key":"REST"},{"data":"Metamorphosis","floor":15,"key":"SMITH"}],"neow_cost":"NO_GOLD","seed_source_timestamp":0,"circlet_count":0,"master_deck":["AscendersBane","Strike_R","Strike_R","Strike_R","Strike_R","Defend_R","Defend_R","Defend_R","Defend_R","Bash","Metamorphosis+1","Armaments+1","Warcry","Pommel Strike","Intimidate","True Grit","Shrug It Off","Burning Pact","Shrug It Off","Fire Breathing","Limit Break","Impervious","Offering","True Grit"],"special_seed":0,"relics":["Burning Blood","Golden Idol","Calipers","Pen Nib","Mercury Hourglass","Fusion Hammer"],"potions_floor_usage":[16,22],"damage_taken":[{"damage":9.0,"enemies":"2 Louse","floor":1.0,"turns":4.0},{"damage":10.0,"enemies":"Small Slimes","floor":2.0,"turns":4.0},{"damage":7.0,"enemies":"Jaw Worm","floor":4.0,"turns":3.0},{"damage":0.0,"enemies":"2 Fungi Beasts","floor":5.0,"turns":2.0},{"damage":16.0,"enemies":"Blue Slaver","floor":7.0,"turns":6.0},{"damage":18.0,"enemies":"3 Louse","floor":8.0,"turns":4.0},{"damage":39.0,"enemies":"Gremlin Nob","floor":10.0,"turns":4.0},{"damage":9.0,"enemies":"2 Fungi Beasts","floor":12.0,"turns":4.0},{"damage":12.0,"enemies":"Lots of Slimes","floor":13.0,"turns":6.0},{"damage":12,"enemies":"Lagavulin","floor":14,"turns":8},{"damage":9,"enemies":"Hexaghost","floor":16,"turns":9},{"damage":0,"enemies":"Chosen","floor":18,"turns":4},{"damage":25,"enemies":"3 Byrds","floor":19,"turns":6},{"damage":29,"enemies":"Shelled Parasite and Fungi","floor":21,"turns":4},{"damage":22,"enemies":"Snecko","floor":22,"turns":4}],"seed_played":"930588820780122306","potions_obtained":[{"floor":1.0,"key":"Swift Potion"},{"floor":2.0,"key":"Strength Potion"},{"floor":7.0,"key":"EssenceOfSteel"},{"floor":12.0,"key":"SpeedPotion"},{"floor":14,"key":"Block Potion"},{"floor":21,"key":"Swift Potion"}],"is_trial":false,"path_per_floor":["M","M","?","M","M","R","M","M","T","E","R","M","M","E","R","B",null,"M","M","$","M","M"],"character_chosen":"IRONCLAD","items_purchased":["Offering"],"campfire_rested":1,"item_purchase_floors":[20],"current_hp_per_floor":[65,61,61,60,66,66,56,44,44,11,31,28,22,16,16,13,54,60,41,41,18,0],"gold":226,"neow_bonus":"RANDOM_COLORLESS_2","is_prod":false,"is_daily":false,"chose_seed":false,"campfire_upgraded":2,"win_rate":0,"timestamp":1706418974,"path_taken":["M","M","?","M","M","R","M","M","T","E","R","M","M","E","R","BOSS","M","M","$","M","M"],"build_version":"2022-12-18","purchased_purges":1,"victory":false,"max_hp_per_floor":[75,75,68,68,68,68,68,68,68,68,68,68,68,68,68,68,68,68,68,68,68,68],"card_choices":[{"not_picked":["Chrysalis","Magnetism"],"picked":"Metamorphosis","floor":0.0},{"not_picked":["Combust","Reckless Charge"],"picked":"Armaments","floor":1.0},{"not_picked":["Reckless Charge","Clash","Hemokinesis"],"picked":"SKIP","floor":2.0},{"not_picked":["Heavy Blade","Infernal Blade"],"picked":"Warcry","floor":4.0},{"not_picked":["Clothesline","Warcry"],"picked":"Pommel Strike","floor":5.0},{"not_picked":["Pommel Strike","Searing Blow"],"picked":"Intimidate","floor":7.0},{"not_picked":["Warcry","Corruption"],"picked":"True Grit","floor":8.0},{"not_picked":["Armaments","Carnage"],"picked":"Shrug It Off","floor":10.0},{"not_picked":["Infernal Blade","Twin Strike"],"picked":"Burning Pact","floor":12.0},{"not_picked":["Body Slam","Clothesline"],"picked":"Shrug It Off","floor":13.0},{"not_picked":["Thunderclap","Whirlwind"],"picked":"Fire Breathing","floor":14},{"not_picked":["Fiend Fire","Bludgeon"],"picked":"Limit Break","floor":16},{"not_picked":["Cleave","Intimidate","Headbutt"],"picked":"SKIP","floor":18},{"not_picked":["Sword Boomerang","Heavy Blade"],"picked":"Impervious","floor":19},{"not_picked":["Cleave","Clothesline"],"picked":"True Grit","floor":21}],"player_experience":1004900,"relics_obtained":[{"floor":9.0,"key":"Calipers"},{"floor":10.0,"key":"Pen Nib"},{"floor":14,"key":"Mercury Hourglass"}],"event_choices":[{"damage_healed":0.0,"max_hp_gain":0.0,"max_hp_loss":7.0,"gold_gain":0.0,"event_name":"Golden Idol","player_choice":"Lose Max HP","floor":3.0,"gold_loss":0.0,"damage_taken":0.0,"relics_obtained":["Golden Idol"]}],"is_beta":false,"boss_relics":[{"not_picked":["SlaversCollar","Black Blood"],"picked":"Fusion Hammer"}],"items_purged_floors":[20],"is_endless":false,"potions_floor_spawned":[1,2,7,12,14,21],"killed_by":"Snecko","ascension_level":18}