{"gold_per_floor":[363,383,383,65,84,109,128,128,183,217,217,217,229,246,246,317,317,327,327,342,99,99,128,146,146,169,69,113,128,172,172,172,251,251,275,294,322,204,220,258,258,288,311,0,21,21,21,41,41,41],"floor_reached":51,"playtime":3097,"items_purged":["Strike_R","Bash"],"score":1526,"play_id":"f9f794a5-6fa6-4950-9b43-1a0b850e32d5","local_time":"20240207212731","is_ascension_mode":true,"campfire_choices":[{"data":"Uppercut","floor":8.0,"key":"SMITH"},{"data":"True Grit","floor":11.0,"key":"SMITH"},{"data":"Dark Embrace","floor":15.0,"key":"SMITH"},{"data":"Seeing Red","floor":25.0,"key":"SMITH"},{"data":"J.A.X.","floor":32.0,"key":"SMITH"},{"data":"Armaments","floor":41,"key":"PURGE"},{"data":"Disarm","floor":46,"key":"SMITH"},{"data":"Exhume","floor":49,"key":"SMITH"}],"neow_cost":"TEN_PERCENT_HP_LOSS","seed_source_timestamp":1495971953456900,"circlet_count":0,"master_deck":["AscendersBane","Strike_R+1","Strike_R+1","Strike_R+1","Defend_R+1","Defend_R+1","Defend_R+1","Defend_R+1","Anger","Uppercut+1","True Grit+1","Battle Trance","Fiend Fire","Dark Embrace+1","Pommel Strike","Exhume+1","Feel No Pain+1","J.A.X.+1","Pommel Strike+1","Whirlwind","Seeing Red+1","Shockwave+1","Shrug It Off","Burning Pact","Disarm+1","Shrug It Off","Second Wind+1","Body Slam+1","True Grit","Entrench+1","Power Through+1"],"special_seed":0,"relics":["Burning Blood","Ice Cream","Blue Candle","PreservedInsect","Juzu Bracelet","Coffee Dripper","Medical Kit","Peace Pipe","CeramicFish","Pocketwatch","Regal Pillow","Runic Cube","Orrery","Ancient Tea Set","Bronze Scales","War Paint","Red Mask"],"potions_floor_usage":[37,40,45],"damage_taken":[{"damage":6.0,"enemies":"Cultist","floor":1.0,"turns":3.0},{"damage":0.0,"enemies":"Small Slimes","floor":2.0,"turns":3.0},{"damage":4.0,"enemies":"Jaw Worm","floor":5.0,"turns":3.0},{"damage":20.0,"enemies":"Lagavulin","floor":6.0,"turns":6.0},{"damage":3.0,"enemies":"Looter","floor":7.0,"turns":4.0},{"damage":25.0,"enemies":"3 Sentries","floor":10.0,"turns":8.0},{"damage":6.0,"enemies":"Exordium Wildlife","floor":13.0,"turns":3.0},{"damage":1.0,"enemies":"2 Fungi Beasts","floor":14.0,"turns":3.0},{"damage":15.0,"enemies":"The Guardian","floor":16.0,"turns":12.0},{"damage":4.0,"enemies":"Chosen","floor":18.0,"turns":3.0},{"damage":26.0,"enemies":"Shell Parasite","floor":20.0,"turns":4.0},{"damage":1.0,"enemies":"Gremlin Leader","floor":23.0,"turns":4.0},{"damage":3.0,"enemies":"Snecko","floor":24.0,"turns":4.0},{"damage":28.0,"enemies":"Slavers","floor":28.0,"turns":3.0},{"damage":7.0,"enemies":"Shelled Parasite and Fungi","floor":29.0,"turns":4.0},{"damage":9.0,"enemies":"Gremlin Leader","floor":30.0,"turns":4.0},{"damage":12.0,"enemies":"Champ","floor":33.0,"turns":8.0},{"damage":13.0,"enemies":"3 Shapes","floor":35.0,"turns":5.0},{"damage":0,"enemies":"Orb Walker","floor":36,"turns":4},{"damage":17,"enemies":"Transient","floor":37,"turns":6},{"damage":8,"enemies":"Writhing Mass","floor":39,"turns":5},{"damage":18,"enemies":"Nemesis","floor":40,"turns":6},{"damage":7,"enemies":"Giant Head","floor":42,"turns":5},{"damage":8,"enemies":"Maw","floor":45,"turns":8},{"damage":7,"enemies":"4 Shapes","floor":48,"turns":4},{"damage":26,"enemies":"Awakened One","floor":50,"turns":17}],"seed_played":"2718501284660445210","potions_obtained":[{"floor":2.0,"key":"SpeedPotion"},{"floor":5.0,"key":"AttackPotion"},{"floor":14.0,"key":"ColorlessPotion"},{"floor":16.0,"key":"DuplicationPotion"},{"floor":23.0,"key":"ElixirPotion"},{"floor":24.0,"key":"AttackPotion"},{"floor":30.0,"key":"Strength Potion"},{"floor":35.0,"key":"Block Potion"},{"floor":39,"key":"ColorlessPotion"},{"floor":40,"key":"SpeedPotion"},{"floor":42,"key":"Fire Potion"},{"floor":48,"key":"FearPotion"}],"is_trial":false,"path_per_floor":["M","M","?","$","M","E","M","R","T","E","R","?","M","M","R","B",null,"M","?","M","$","?","E","M","R","T","$","E","M","E","?","R","B",null,"M","M","M","$","M","E","R","E","T","?","M","R","?","M","R","B",null],"character_chosen":"IRONCLAD","items_purchased":["Ice Cream","Medical Kit","Orrery"],"campfire_rested":0,"item_purchase_floors":[4,21,38],"current_hp_per_floor":[68,68,73,73,73,59,62,62,62,43,43,43,43,48,48,39,65,67,67,47,47,47,52,55,55,55,55,33,32,29,29,29,23,61,54,60,49,49,47,35,35,34,34,34,32,32,32,31,31,11],"gold":41,"neow_bonus":"TWO_FIFTY_GOLD","is_prod":false,"is_daily":false,"chose_seed":false,"campfire_upgraded":7,"win_rate":0,"timestamp":1707370051,"path_taken":["M","M","?","$","M","E","M","R","T","E","R","?","M","M","R","BOSS","M","?","M","$","?","E","M","R","T","?","E","M","E","?","R","BOSS","M","M","M","$","M","E","R","E","T","?","M","R","?","M","R","BOSS"],"build_version":"2022-12-18","purchased_purges":2,"victory":true,"max_hp_per_floor":[68,68,73,73,73,73,73,73,73,73,73,73,73,73,73,73,73,73,73,73,73,73,73,73,73,73,73,73,73,73,73,73,73,73,73,73,73,73,73,73,73,73,73,73,73,73,73,73,73,73],"card_choices":[{"not_picked":["Rage","Entrench"],"picked":"Anger","floor":1.0},{"not_picked":["Blood for Blood","Burning Pact"],"picked":"Uppercut","floor":2.0},{"not_picked":["Anger","Dual Wield"],"picked":"True Grit","floor":5.0},{"not_picked":["Perfected Strike","Body Slam","True Grit"],"picked":"SKIP","floor":6.0},{"not_picked":["Sentinel","Pummel"],"picked":"Battle Trance","floor":7.0},{"not_picked":["True Grit","Wild Strike"],"picked":"Fiend Fire","floor":10.0},{"not_picked":["Anger","Hemokinesis"],"picked":"Pommel Strike","floor":13.0},{"not_picked":["Clash","Clothesline","Sever Soul"],"picked":"SKIP","floor":14.0},{"not_picked":["Berserk","Limit Break"],"picked":"Exhume","floor":16.0},{"not_picked":["Armaments","Anger"],"picked":"Feel No Pain+1","floor":18.0},{"not_picked":["Headbutt","Thunderclap"],"picked":"Pommel Strike+1","floor":20.0},{"not_picked":["Havoc","Fire Breathing"],"picked":"Whirlwind","floor":23.0},{"not_picked":["Pummel+1","Headbutt"],"picked":"Seeing Red","floor":24.0},{"not_picked":["Rampage","Warcry"],"picked":"Shockwave","floor":28.0},{"not_picked":["True Grit","Carnage+1","Sword Boomerang"],"picked":"SKIP","floor":29.0},{"not_picked":["Flame Barrier","Reckless Charge"],"picked":"Shrug It Off","floor":30.0},{"not_picked":["Spot Weakness+1","Carnage"],"picked":"Armaments","floor":35.0},{"not_picked":["Havoc","Iron Wave","Inflame"],"picked":"SKIP","floor":36},{"not_picked":["Hemokinesis","Searing Blow"],"picked":"Burning Pact","floor":37},{"not_picked":["Twin Strike","Power Through"],"picked":"Disarm","floor":38},{"not_picked":["Twin Strike+1","Sword Boomerang+1"],"picked":"Shrug It Off","floor":38},{"not_picked":["Pummel","Immolate"],"picked":"Second Wind","floor":38},{"not_picked":["Flex","Pummel"],"picked":"Body Slam+1","floor":38},{"not_picked":["Heavy Blade","Headbutt"],"picked":"True Grit","floor":38},{"not_picked":["True Grit","Sword Boomerang","Armaments"],"picked":"SKIP","floor":39},{"not_picked":["Dropkick","Headbutt+1"],"picked":"Entrench+1","floor":40},{"not_picked":["Spot Weakness","Rampage+1","Hemokinesis"],"picked":"SKIP","floor":42},{"not_picked":["Wild Strike","Evolve"],"picked":"Power Through+1","floor":45},{"not_picked":["Twin Strike","Heavy Blade","Sever Soul"],"picked":"SKIP","floor":48}],"player_experience":1005995,"relics_obtained":[{"floor":6.0,"key":"Blue Candle"},{"floor":9.0,"key":"PreservedInsect"},{"floor":10.0,"key":"Juzu Bracelet"},{"floor":23.0,"key":"Peace Pipe"},{"floor":26.0,"key":"CeramicFish"},{"floor":28.0,"key":"Pocketwatch"},{"floor":30.0,"key":"Regal Pillow"},{"floor":40,"key":"Ancient Tea Set"},{"floor":42,"key":"Bronze Scales"},{"floor":43,"key":"War Paint"}],"event_choices":[{"damage_healed":0.0,"max_hp_gain":5.0,"max_hp_loss":0.0,"gold_gain":0.0,"event_name":"Big Fish","player_choice":"Donut","floor":3.0,"gold_loss":0.0,"damage_taken":0.0},{"damage_healed":0.0,"max_hp_gain":0.0,"max_hp_loss":0.0,"gold_gain":0.0,"cards_transformed":["Strike_R"],"event_name":"Living Wall","player_choice":"Change","floor":12.0,"gold_loss":0.0,"damage_taken":0.0,"cards_obtained":["Dark Embrace"]},{"damage_healed":0.0,"max_hp_gain":0.0,"max_hp_loss":0.0,"gold_gain":0.0,"event_name":"Drug Dealer","player_choice":"Obtain J.A.X.","floor":19.0,"gold_loss":0.0,"damage_taken":0.0,"cards_obtained":["J.A.X."]},{"damage_healed":0.0,"max_hp_gain":0.0,"max_hp_loss":0.0,"gold_gain":0.0,"event_name":"Back to Basics","player_choice":"Simplicity","floor":22.0,"gold_loss":0.0,"damage_taken":0.0,"cards_upgraded":["Strike_R","Strike_R","Strike_R","Defend_R","Defend_R","Defend_R","Defend_R"]},{"damage_healed":0.0,"max_hp_gain":0.0,"max_hp_loss":0.0,"gold_gain":0.0,"event_name":"Cursed Tome","player_choice":"Ignored","floor":31.0,"gold_loss":0.0,"damage_taken":0.0},{"damage_healed":0,"gold_gain":0,"player_choice":"Paid","damage_taken":0,"relics_obtained":["Red Mask"],"max_hp_gain":0,"max_hp_loss":0,"event_name":"Tomb of Lord Red Mask","floor":44,"gold_loss":311},{"damage_healed":0,"gold_gain":0,"player_choice":"Ignored","damage_taken":0,"max_hp_gain":0,"max_hp_loss":0,"event_name":"Mysterious Sphere","floor":47,"gold_loss":0}],"is_beta":false,"boss_relics":[{"not_picked":["Mark of Pain","Busted Crown"],"picked":"Coffee Dripper"},{"not_picked":["Philosopher\u0027s Stone","Pandora\u0027s Box"],"picked":"Runic Cube"}],"items_purged_floors":[21,27],"is_endless":false,"potions_floor_spawned":[2,5,14,16,23,24,30,35,39,40,42,48],"ascension_level":18}