{"gold_per_floor":[114,131,145,145,165,165,190,190,213,292,2,22,51,51,51,125,125,139,139,151,168,183,217,229,229,229,229],"floor_reached":27,"playtime":1540,"items_purged":["Strike_R"],"score":478,"play_id":"30468cfa-97d5-4686-aa8f-3d380aecf5c0","local_time":"20240318220051","is_ascension_mode":true,"campfire_choices":[{"data":"Dark Embrace","floor":6.0,"key":"SMITH"},{"data":"Barricade","floor":15.0,"key":"SMITH"},{"data":"Armaments","floor":25,"key":"SMITH"}],"neow_cost":"TEN_PERCENT_HP_LOSS","seed_source_timestamp":275275984720700,"circlet_count":0,"master_deck":["AscendersBane","Strike_R","Strike_R","Defend_R","Defend_R","Defend_R","Bash","True Grit","Limit Break","Twin Strike","Feel No Pain","Dark Embrace+1","Reckless Charge","Clothesline","Barricade+1","Flex","Hemokinesis","Impervious","Corruption","CurseOfTheBell","Sentinel","Inflame","Headbutt","Shrug It Off","Armaments+1","Rupture","Barricade"],"special_seed":0,"relics":["Burning Blood","Eternal Feather","Pear","Bronze Scales","MealTicket","Kunai","Calling Bell","Bag of Preparation","Mummified Hand","Turnip","Smiling Mask","Pantograph"],"potions_floor_usage":[20,22,23,24],"damage_taken":[{"damage":2.0,"enemies":"2 Louse","floor":1.0,"turns":4.0},{"damage":12.0,"enemies":"Jaw Worm","floor":2.0,"turns":4.0},{"damage":7.0,"enemies":"Small Slimes","floor":3.0,"turns":5.0},{"damage":11.0,"enemies":"Blue Slaver","floor":5.0,"turns":5.0},{"damage":24.0,"enemies":"3 Sentries","floor":7.0,"turns":10.0},{"damage":16.0,"enemies":"Red Slaver","floor":12.0,"turns":4.0},{"damage":35.0,"enemies":"Gremlin Nob","floor":13.0,"turns":4.0},{"damage":34,"enemies":"The Guardian","floor":16,"turns":13},{"damage":2,"enemies":"Chosen","floor":18,"turns":6},{"damage":5,"enemies":"Shell Parasite","floor":20,"turns":4},{"damage":13,"enemies":"3 Cultists","floor":21,"turns":5},{"damage":0,"enemies":"Centurion and Healer","floor":22,"turns":5},{"damage":42,"enemies":"Slavers","floor":23,"turns":7},{"damage":20,"enemies":"Cultist and Chosen","floor":24,"turns":6},{"damage":49,"enemies":"Book of Stabbing","floor":27,"turns":5}],"seed_played":"-5300834900178818422","potions_obtained":[{"floor":5.0,"key":"LiquidBronze"},{"floor":7.0,"key":"ColorlessPotion"},{"floor":13.0,"key":"GamblersBrew"},{"floor":16,"key":"Weak Potion"},{"floor":21,"key":"Regen Potion"},{"floor":23,"key":"Fire Potion"},{"floor":24,"key":"SteroidPotion"}],"is_trial":false,"path_per_floor":["M","M","M","?","M","R","E","T","T","?","$","M","E","?","R","B",null,"M","?","M","M","M","E","M","R","T","E"],"character_chosen":"IRONCLAD","items_purchased":["Flex","MealTicket"],"campfire_rested":0,"item_purchase_floors":[11,11],"current_hp_per_floor":[68,62,61,61,56,56,38,48,48,48,48,38,9,35,44,16,63,67,67,68,61,67,46,32,47,47,0],"gold":229,"neow_bonus":"TRANSFORM_TWO_CARDS","is_prod":false,"is_daily":false,"chose_seed":false,"campfire_upgraded":3,"win_rate":0,"timestamp":1710824451,"path_taken":["M","M","M","?","M","R","E","?","T","?","?","?","E","?","R","BOSS","M","?","M","M","M","E","M","R","T","E"],"build_version":"2022-12-18","purchased_purges":1,"victory":false,"max_hp_per_floor":[68,68,68,68,68,68,68,78,78,78,78,78,78,78,78,78,78,78,78,78,78,78,78,78,78,78,78],"card_choices":[{"not_picked":["Armaments","Perfected Strike"],"picked":"Twin Strike","floor":1.0},{"not_picked":["Hemokinesis","Warcry"],"picked":"Feel No Pain","floor":2.0},{"not_picked":["Thunderclap","Headbutt"],"picked":"Dark Embrace","floor":3.0},{"not_picked":["Dark Embrace","Perfected Strike"],"picked":"Clothesline","floor":5.0},{"not_picked":["Flex","Cleave"],"picked":"Barricade","floor":7.0},{"not_picked":["Second Wind","Bloodletting"],"picked":"Hemokinesis","floor":12.0},{"not_picked":["Searing Blow","Body Slam"],"picked":"Impervious","floor":13.0},{"not_picked":["Reaper","Fiend Fire"],"picked":"Corruption","floor":16},{"not_picked":["Twin Strike+1","Intimidate"],"picked":"Sentinel","floor":18},{"not_picked":["Uppercut","Twin Strike","Headbutt"],"picked":"SKIP","floor":20},{"not_picked":["Uppercut","Twin Strike"],"picked":"Headbutt","floor":20},{"not_picked":["Pommel Strike","Reckless Charge"],"picked":"Shrug It Off","floor":21},{"not_picked":["Rampage+1","Clothesline"],"picked":"Armaments","floor":22},{"not_picked":["Uppercut","Cleave"],"picked":"Rupture","floor":23},{"not_picked":["Thunderclap","Clothesline"],"picked":"Barricade","floor":24}],"player_experience":1032386,"relics_obtained":[{"floor":7.0,"key":"Eternal Feather"},{"floor":8.0,"key":"Pear"},{"floor":9.0,"key":"Bronze Scales"},{"floor":13.0,"key":"Kunai"},{"floor":17,"key":"Bag of Preparation"},{"floor":17,"key":"Mummified Hand"},{"floor":17,"key":"Turnip"},{"floor":23,"key":"Smiling Mask"},{"floor":26,"key":"Pantograph"}],"event_choices":[{"damage_healed":0.0,"max_hp_gain":0.0,"max_hp_loss":0.0,"gold_gain":0.0,"cards_transformed":["Strike_R"],"event_name":"Living Wall","player_choice":"Change","floor":4.0,"gold_loss":0.0,"damage_taken":0.0,"cards_obtained":["Reckless Charge"]},{"damage_healed":0.0,"max_hp_gain":0.0,"max_hp_loss":0.0,"gold_gain":79.0,"event_name":"Golden Wing","player_choice":"Gained Gold","floor":10.0,"gold_loss":0.0,"damage_taken":0.0},{"damage_healed":26.0,"max_hp_gain":0.0,"max_hp_loss":0.0,"gold_gain":0.0,"event_name":"Big Fish","player_choice":"Banana","floor":14.0,"gold_loss":0.0,"damage_taken":0.0},{"damage_healed":0,"gold_gain":0,"player_choice":"Read","damage_taken":0,"max_hp_gain":0,"max_hp_loss":0,"event_name":"The Library","floor":19,"gold_loss":0,"cards_obtained":["Inflame"]}],"is_beta":false,"boss_relics":[{"not_picked":["Runic Dome","Tiny House"],"picked":"Calling Bell"}],"items_purged_floors":[11],"is_endless":false,"potions_floor_spawned":[5,7,13,16,21,23,24],"killed_by":"Book of Stabbing","ascension_level":19}