{"gold_per_floor":[210,222,222,15,33,33,51,79,156,168,168,187,202,234,234,308,308,324,339,264,282,57,57,57,90,90,90,140,140,160,188,188,265,265,279,20,20,70,85,85,110,110,110,127,157,167,187,0,0,0],"floor_reached":51,"playtime":3632,"items_purged":["Strike_R","Injury"],"score":1501,"play_id":"fce6685e-c995-43b3-991c-56a536d22f6e","local_time":"20240323115511","is_ascension_mode":true,"campfire_choices":[{"data":"Disarm","floor":6.0,"key":"SMITH"},{"data":"True Grit","floor":11.0,"key":"SMITH"},{"data":"Armaments","floor":15.0,"key":"SMITH"},{"data":"Dark Embrace","floor":23.0,"key":"SMITH"},{"floor":32.0,"key":"REST"},{"data":"Chrysalis","floor":40,"key":"SMITH"},{"data":"Infernal Blade","floor":42,"key":"SMITH"},{"data":"Feel No Pain","floor":49,"key":"SMITH"}],"neow_cost":"NONE","seed_source_timestamp":0,"circlet_count":0,"master_deck":["AscendersBane","Strike_R","Defend_R","Defend_R","Defend_R","Bash","True Grit+1","Pommel Strike","Battle Trance","Disarm+1","Whirlwind","Iron Wave","Pummel","Armaments+1","Double Tap","Second Wind","Fiend Fire","Power Through","Dark Embrace+1","Pummel","Shrug It Off","Warcry","Feel No Pain+1","Exhume","Twin Strike+1","Burning Pact+1","Injury","Warcry","Chrysalis+1","Writhe","Infernal Blade+1","Shame","Offering","Shrug It Off"],"special_seed":0,"relics":["Burning Blood","Pen Nib","Charon\u0027s Ashes","Darkstone Periapt","PreservedInsect","Cursed Key","Membership Card","Boot","The Courier","Potion Belt","Centennial Puzzle","Astrolabe","Dead Branch","Lizard Tail","Paper Frog","Bronze Scales","Red Mask"],"potions_floor_usage":[44,45,46,50,50,50],"damage_taken":[{"damage":9.0,"enemies":"Jaw Worm","floor":1.0,"turns":5.0},{"damage":11.0,"enemies":"Cultist","floor":2.0,"turns":5.0},{"damage":6.0,"enemies":"Small Slimes","floor":5.0,"turns":6.0},{"damage":6.0,"enemies":"Blue Slaver","floor":7.0,"turns":6.0},{"damage":6.0,"enemies":"Gremlin Nob","floor":8.0,"turns":3.0},{"damage":3.0,"enemies":"Looter","floor":10.0,"turns":4.0},{"damage":0.0,"enemies":"3 Louse","floor":12.0,"turns":2.0},{"damage":14.0,"enemies":"Large Slime","floor":13.0,"turns":6.0},{"damage":3.0,"enemies":"3 Sentries","floor":14.0,"turns":4.0},{"damage":29.0,"enemies":"The Guardian","floor":16.0,"turns":15.0},{"damage":0.0,"enemies":"Chosen","floor":18.0,"turns":3.0},{"damage":7.0,"enemies":"Spheric Guardian","floor":19.0,"turns":5.0},{"damage":3.0,"enemies":"Centurion and Healer","floor":21.0,"turns":7.0},{"damage":13.0,"enemies":"Slavers","floor":25.0,"turns":4.0},{"damage":35.0,"enemies":"Snecko","floor":30.0,"turns":6.0},{"damage":5.0,"enemies":"Gremlin Leader","floor":31.0,"turns":4.0},{"damage":56.0,"enemies":"Automaton","floor":33.0,"turns":14.0},{"damage":9.0,"enemies":"3 Darklings","floor":35.0,"turns":6.0},{"damage":0,"enemies":"3 Shapes","floor":39,"turns":3},{"damage":3,"enemies":"Reptomancer","floor":41,"turns":4},{"damage":10,"enemies":"Writhing Mass","floor":44,"turns":5},{"damage":12,"enemies":"Giant Head","floor":45,"turns":4},{"damage":11,"enemies":"Sphere and 2 Shapes","floor":46,"turns":3},{"damage":0,"enemies":"Maw","floor":47,"turns":4},{"damage":69,"enemies":"Time Eater","floor":50,"turns":11}],"seed_played":"637381204221828029","potions_obtained":[{"floor":1.0,"key":"Strength Potion"},{"floor":12.0,"key":"LiquidBronze"},{"floor":14.0,"key":"BloodPotion"},{"floor":18.0,"key":"AttackPotion"},{"floor":21.0,"key":"Fire Potion"},{"floor":25.0,"key":"GamblersBrew"},{"floor":33.0,"key":"GamblersBrew"},{"floor":39,"key":"Fire Potion"},{"floor":41,"key":"FairyPotion"},{"floor":44,"key":"ColorlessPotion"},{"floor":45,"key":"DistilledChaos"},{"floor":47,"key":"Ancient Potion"}],"is_trial":false,"path_per_floor":["M","M","?","$","M","R","M","E","T","M","R","M","M","E","R","B",null,"M","M","?","M","$","R","?","E","T","T","?","?","M","E","R","B",null,"M","$","?","?","M","R","E","R","T","M","E","M","M","?","R","B",null],"character_chosen":"IRONCLAD","items_purchased":["Disarm","Pen Nib","Membership Card","Pummel","Dead Branch","Chrysalis"],"campfire_rested":1,"item_purchase_floors":[4,4,22,22,36,36],"current_hp_per_floor":[65,60,60,60,60,60,60,60,60,63,63,69,61,64,64,41,67,73,72,72,75,75,75,75,68,74,80,80,80,51,52,78,28,78,75,75,99,99,99,99,99,99,105,101,95,90,96,96,96,54],"gold":0,"neow_bonus":"HUNDRED_GOLD","is_prod":false,"is_daily":false,"chose_seed":false,"campfire_upgraded":7,"win_rate":0,"timestamp":1711220111,"path_taken":["M","M","?","$","M","R","?","E","T","M","R","M","M","E","R","BOSS","M","M","?","M","$","R","?","E","T","?","?","?","M","E","R","BOSS","M","$","?","?","M","R","E","R","T","?","E","M","M","?","R","BOSS"],"build_version":"2022-12-18","purchased_purges":2,"victory":true,"max_hp_per_floor":[75,75,75,75,75,75,75,75,75,75,75,75,75,75,75,75,75,75,75,75,75,75,75,75,75,81,87,87,87,87,87,87,87,93,93,93,99,99,99,99,99,99,105,105,105,105,105,105,105,105],"card_choices":[{"not_picked":["Metallicize","Heavy Blade"],"picked":"True Grit","floor":1.0},{"not_picked":["Spot Weakness","Heavy Blade"],"picked":"Pommel Strike","floor":2.0},{"not_picked":["Wild Strike","Fire Breathing"],"picked":"Whirlwind","floor":5.0},{"not_picked":["Body Slam","Headbutt"],"picked":"Iron Wave","floor":7.0},{"not_picked":["Twin Strike","Pommel Strike","Cleave"],"picked":"SKIP","floor":8.0},{"not_picked":["Havoc","Hemokinesis"],"picked":"Pummel","floor":10.0},{"not_picked":["Body Slam","Clothesline"],"picked":"Armaments","floor":12.0},{"not_picked":["Anger","Rage"],"picked":"Double Tap","floor":13.0},{"not_picked":["Flex","Fire Breathing"],"picked":"Second Wind","floor":14.0},{"not_picked":["Offering","Impervious"],"picked":"Fiend Fire","floor":16.0},{"not_picked":["Uppercut","Body Slam"],"picked":"Power Through","floor":18.0},{"not_picked":["Heavy Blade+1","Spot Weakness"],"picked":"Dark Embrace","floor":19.0},{"not_picked":["Cleave","Heavy Blade","Twin Strike"],"picked":"SKIP","floor":21.0},{"not_picked":["Juggernaut","Perfected Strike"],"picked":"Shrug It Off","floor":25.0},{"not_picked":["Hemokinesis","Flex"],"picked":"Feel No Pain","floor":30.0},{"not_picked":["Sword Boomerang","Rampage","Blood for Blood"],"picked":"SKIP","floor":31.0},{"not_picked":["Berserk","Impervious"],"picked":"Exhume","floor":33.0},{"not_picked":["True Grit","Headbutt"],"picked":"Warcry","floor":35.0},{"not_picked":["Clothesline","Limit Break","Carnage"],"picked":"SKIP","floor":39},{"not_picked":["True Grit+1","Combust"],"picked":"Infernal Blade","floor":41},{"not_picked":["Twin Strike","Headbutt","Intimidate"],"picked":"SKIP","floor":44},{"not_picked":["Clash","Double Tap"],"picked":"Offering","floor":45},{"not_picked":["Rampage","Infernal Blade","Sentinel+1"],"picked":"SKIP","floor":46},{"not_picked":["Twin Strike","Second Wind+1"],"picked":"Shrug It Off","floor":47}],"player_experience":1034685,"relics_obtained":[{"floor":8.0,"key":"Charon\u0027s Ashes"},{"floor":9.0,"key":"Darkstone Periapt"},{"floor":14.0,"key":"PreservedInsect"},{"floor":25.0,"key":"Boot"},{"floor":26.0,"key":"The Courier"},{"floor":27.0,"key":"Potion Belt"},{"floor":31.0,"key":"Centennial Puzzle"},{"floor":41,"key":"Lizard Tail"},{"floor":43,"key":"Paper Frog"},{"floor":45,"key":"Bronze Scales"}],"event_choices":[{"damage_healed":0.0,"max_hp_gain":0.0,"max_hp_loss":0.0,"gold_gain":0.0,"cards_transformed":["Strike_R"],"event_name":"Transmorgrifier","player_choice":"Transformed","floor":3.0,"gold_loss":0.0,"damage_taken":0.0,"cards_obtained":["Battle Trance"]},{"cards_removed":["Strike_R"],"damage_healed":0.0,"max_hp_gain":0.0,"max_hp_loss":0.0,"gold_gain":0.0,"event_name":"Beggar","player_choice":"Gave Gold","floor":20.0,"gold_loss":75.0,"damage_taken":0.0},{"damage_healed":0.0,"max_hp_gain":0.0,"max_hp_loss":0.0,"gold_gain":0.0,"event_name":"Vampires","player_choice":"Ignored","floor":24.0,"gold_loss":0.0,"damage_taken":0.0},{"damage_healed":0.0,"max_hp_gain":0.0,"max_hp_loss":0.0,"gold_gain":50.0,"event_name":"Nest","player_choice":"Stole From Cult","floor":28.0,"gold_loss":0.0,"damage_taken":0.0},{"damage_healed":0.0,"max_hp_gain":0.0,"max_hp_loss":0.0,"gold_gain":0.0,"event_name":"The Library","player_choice":"Read","floor":29.0,"gold_loss":0.0,"damage_taken":0.0,"cards_obtained":["Warcry"]},{"damage_healed":19,"gold_gain":0,"player_choice":"Writhe","damage_taken":0,"max_hp_gain":0,"max_hp_loss":0,"event_name":"Winding Halls","floor":37,"gold_loss":0,"cards_obtained":["Writhe"]},{"damage_healed":0,"gold_gain":50,"player_choice":"Pray","damage_taken":0,"max_hp_gain":0,"max_hp_loss":0,"event_name":"Golden Shrine","floor":38,"gold_loss":0},{"damage_healed":0,"gold_gain":0,"player_choice":"Paid","damage_taken":0,"relics_obtained":["Red Mask"],"max_hp_gain":0,"max_hp_loss":0,"event_name":"Tomb of Lord Red Mask","floor":48,"gold_loss":187}],"is_beta":false,"boss_relics":[{"not_picked":["Ectoplasm","Coffee Dripper"],"picked":"Cursed Key"},{"not_picked":["SacredBark","Velvet Choker"],"picked":"Astrolabe"}],"items_purged_floors":[22,36],"is_endless":false,"potions_floor_spawned":[1,12,14,16,18,21,25,33,39,41,44,45,47],"ascension_level":19}