{"gold_per_floor":[17,17,35,45,60,60,76,110,110,110,142,153,178,253,253,352,352,366,382,400,400,81,115,115,127,127,147,147,179,192,107,107,204,204,217,70,70,89,89,89,116,116,116,116],"floor_reached":44,"playtime":2577,"items_purged":["Perfected Strike"],"score":523,"play_id":"23443e4b-289b-4b4e-822d-7c22fa1f86a3","local_time":"20240404145008","is_ascension_mode":true,"campfire_choices":[{"data":"Second Wind","floor":6.0,"key":"SMITH"},{"data":"Fiend Fire","floor":10.0,"key":"SMITH"},{"data":"Spot Weakness","floor":15.0,"key":"PURGE"},{"data":"Demon Form","floor":24,"key":"SMITH"},{"data":"Limit Break","floor":28,"key":"SMITH"},{"floor":32,"key":"REST"},{"data":"Seeing Red","floor":40,"key":"SMITH"},{"floor":42,"key":"REST"}],"neow_cost":"NO_GOLD","seed_source_timestamp":0,"circlet_count":0,"master_deck":["Strike_R","Strike_R","Strike_R","Strike_R","Strike_R","Defend_R","Defend_R","Defend_R","Defend_R","Bash","Anger","Second Wind+1","Shrug It Off","Fiend Fire+1","Battle Trance","Demon Form+1","Limit Break+1","Pommel Strike","Disarm+1","Corruption","Burning Pact+1","Anger","Power Through","Sword Boomerang","Clash","Offering","Disarm+1","Reaper","Seeing Red+1","Offering","Injury"],"special_seed":0,"relics":["Burning Blood","Unceasing Top","Ornamental Fan","Peace Pipe","Sundial","Cursed Key","Orrery","Kunai","Tiny Chest","Charon\u0027s Ashes","Black Star","Potion Belt","HornCleat","Mercury Hourglass","Paper Frog"],"potions_floor_usage":[23,25,27,33,41],"damage_taken":[{"damage":1.0,"enemies":"Jaw Worm","floor":1.0,"turns":3.0},{"damage":1.0,"enemies":"Cultist","floor":3.0,"turns":4.0},{"damage":0.0,"enemies":"2 Louse","floor":4.0,"turns":2.0},{"damage":8.0,"enemies":"Red Slaver","floor":5.0,"turns":4.0},{"damage":2.0,"enemies":"2 Fungi Beasts","floor":7.0,"turns":4.0},{"damage":14.0,"enemies":"Gremlin Nob","floor":8.0,"turns":4.0},{"damage":14.0,"enemies":"3 Sentries","floor":11.0,"turns":6.0},{"damage":0.0,"enemies":"Large Slime","floor":12.0,"turns":5.0},{"damage":14.0,"enemies":"Gremlin Nob","floor":13.0,"turns":3.0},{"damage":5.0,"enemies":"Slime Boss","floor":16.0,"turns":7.0},{"damage":22.0,"enemies":"Spheric Guardian","floor":18.0,"turns":4.0},{"damage":5.0,"enemies":"3 Byrds","floor":19.0,"turns":5.0},{"damage":20.0,"enemies":"Snecko","floor":20.0,"turns":5.0},{"damage":14,"enemies":"Slavers","floor":23,"turns":5},{"damage":12,"enemies":"Shelled Parasite and Fungi","floor":25,"turns":5},{"damage":1,"enemies":"3 Cultists","floor":27,"turns":5},{"damage":21,"enemies":"Gremlin Leader","floor":29,"turns":5},{"damage":0,"enemies":"Snecko","floor":30,"turns":4},{"damage":2,"enemies":"Champ","floor":33,"turns":9},{"damage":6,"enemies":"Orb Walker","floor":35,"turns":4},{"damage":36,"enemies":"3 Darklings","floor":38,"turns":9},{"damage":46,"enemies":"Nemesis","floor":41,"turns":9},{"damage":57,"enemies":"Transient","floor":44,"turns":5}],"seed_played":"-9131614626046390277","potions_obtained":[{"floor":1.0,"key":"BloodPotion"},{"floor":2.0,"key":"Energy Potion"},{"floor":2.0,"key":"Swift Potion"},{"floor":7.0,"key":"Fruit Juice"},{"floor":11.0,"key":"Swift Potion"},{"floor":13.0,"key":"Fire Potion"},{"floor":16.0,"key":"Ancient Potion"},{"floor":23,"key":"HeartOfIron"},{"floor":25,"key":"PowerPotion"},{"floor":29,"key":"SkillPotion"},{"floor":35,"key":"Ancient Potion"}],"is_trial":false,"path_per_floor":["M","?","M","M","M","R","M","E","T","R","E","M","E","?","R","B",null,"M","M","M","T","$","E","R","M","T","M","R","E","M","?","R","B",null,"M","$","?","M","?","R","E","R","T","M"],"character_chosen":"IRONCLAD","items_purchased":["Orrery","Anger","AttackPotion","Reaper"],"campfire_rested":2,"item_purchase_floors":[22,22,22,36],"current_hp_per_floor":[80,80,80,80,78,78,85,77,77,77,69,75,67,59,59,60,85,69,70,56,56,56,48,48,59,59,64,64,49,55,55,80,84,85,85,85,81,60,60,60,24,48,48,0],"gold":116,"neow_bonus":"ONE_RARE_RELIC","is_prod":false,"is_daily":false,"chose_seed":false,"campfire_upgraded":5,"win_rate":0,"timestamp":1712267408,"path_taken":["M","?","M","M","M","R","?","E","T","R","E","M","E","?","R","BOSS","M","M","M","?","$","E","R","M","T","M","R","E","M","?","R","BOSS","M","$","?","M","?","R","E","R","T","M"],"build_version":"2022-12-18","purchased_purges":1,"victory":false,"max_hp_per_floor":[80,80,80,80,80,80,85,85,85,85,85,85,85,85,85,85,85,85,85,85,85,85,85,85,85,85,85,85,85,85,85,85,85,85,85,85,81,81,81,81,81,81,81,81],"card_choices":[{"not_picked":["Second Wind","Disarm"],"picked":"Perfected Strike","floor":1.0},{"not_picked":["Headbutt","Sword Boomerang"],"picked":"Anger","floor":3.0},{"not_picked":["Evolve","Warcry"],"picked":"Second Wind","floor":4.0},{"not_picked":["Clothesline","Wild Strike"],"picked":"Shrug It Off","floor":5.0},{"not_picked":["True Grit","Iron Wave"],"picked":"Fiend Fire","floor":7.0},{"not_picked":["Sword Boomerang","Sever Soul","Entrench"],"picked":"SKIP","floor":8.0},{"not_picked":["Sword Boomerang","Sever Soul","Entrench"],"picked":"SKIP","floor":8.0},{"not_picked":["Searing Blow","Dual Wield"],"picked":"Spot Weakness","floor":11.0},{"not_picked":["Headbutt","Metallicize"],"picked":"Battle Trance","floor":12.0},{"not_picked":["True Grit","Disarm"],"picked":"Demon Form","floor":13.0},{"not_picked":["Immolate","Juggernaut"],"picked":"Limit Break","floor":16.0},{"not_picked":["Inflame","Heavy Blade"],"picked":"Pommel Strike","floor":18.0},{"not_picked":["Wild Strike","Clash+1","Heavy Blade"],"picked":"SKIP","floor":19.0},{"not_picked":["Wild Strike","Perfected Strike","Pommel Strike+1"],"picked":"SKIP","floor":20.0},{"not_picked":["Infernal Blade+1","Evolve"],"picked":"Disarm+1","floor":22.0},{"not_picked":["Clash","Iron Wave"],"picked":"Corruption","floor":22.0},{"not_picked":["Cleave","Anger"],"picked":"Burning Pact+1","floor":22.0},{"not_picked":["Bludgeon","Fire Breathing+1","Spot Weakness"],"picked":"SKIP","floor":23},{"not_picked":["Pommel Strike+1","Inflame+1"],"picked":"Power Through","floor":25},{"not_picked":["Thunderclap","Iron Wave"],"picked":"Sword Boomerang","floor":27},{"not_picked":["Second Wind+1","Dual Wield"],"picked":"Clash","floor":29},{"not_picked":["Sword Boomerang","Body Slam","Clash"],"picked":"SKIP","floor":30},{"not_picked":["Limit Break","Double Tap"],"picked":"Offering","floor":33},{"not_picked":["Headbutt","Thunderclap+1"],"picked":"Disarm+1","floor":35},{"not_picked":["Armaments","Shockwave+1"],"picked":"Seeing Red","floor":38},{"not_picked":["Inflame+1","Havoc"],"picked":"Offering","floor":41}],"player_experience":1078911,"relics_obtained":[{"floor":8.0,"key":"Ornamental Fan"},{"floor":11.0,"key":"Peace Pipe"},{"floor":13.0,"key":"Sundial"},{"floor":23,"key":"Kunai"},{"floor":29,"key":"Tiny Chest"},{"floor":41,"key":"HornCleat"},{"floor":41,"key":"Mercury Hourglass"},{"floor":43,"key":"Paper Frog"}],"event_choices":[{"damage_healed":0.0,"max_hp_gain":0.0,"max_hp_loss":0.0,"gold_gain":0.0,"event_name":"Lab","player_choice":"Got Potions","floor":2.0,"gold_loss":0.0,"damage_taken":0.0},{"damage_healed":0.0,"max_hp_gain":0.0,"max_hp_loss":0.0,"gold_gain":75.0,"event_name":"FaceTrader","player_choice":"Touch","floor":14.0,"gold_loss":0.0,"damage_taken":8.0},{"damage_healed":0,"gold_gain":0,"player_choice":"Obtained Relic","damage_taken":0,"relics_obtained":["Charon\u0027s Ashes"],"max_hp_gain":0,"max_hp_loss":0,"event_name":"Addict","floor":31,"gold_loss":85},{"damage_healed":0,"gold_gain":0,"player_choice":"Max HP","damage_taken":0,"max_hp_gain":0,"max_hp_loss":4,"event_name":"Winding Halls","floor":37,"gold_loss":0},{"damage_healed":0,"gold_gain":0,"player_choice":"Gave Potion","damage_taken":0,"relics_obtained":["Potion Belt"],"max_hp_gain":0,"max_hp_loss":0,"event_name":"WeMeetAgain","floor":39,"gold_loss":0}],"is_beta":false,"boss_relics":[{"not_picked":["Runic Cube","Tiny House"],"picked":"Cursed Key"},{"not_picked":["Sozu","Runic Dome"],"picked":"Black Star"}],"items_purged_floors":[22],"is_endless":false,"potions_floor_spawned":[1,7,11,13,16,18,23,25,29,35],"killed_by":"Transient","ascension_level":1}