{"gold_per_floor":[110,127,142,160,160,188,188,216,216,235,235,251,251,283,283,386,386,405,434,115,128,141,141,160,190,190,222,622,622,639,738,738,840,840,850,60,78,97,319,344,344,379,458,458,470,502,579,609,609,609,609,609,100,125,125],"floor_reached":55,"playtime":4184,"items_purged":["Perfected Strike","Clothesline","Parasite"],"score":964,"play_id":"e6486c3e-73fb-4122-9821-7530c78ac3a2","local_time":"20240402165131","is_ascension_mode":true,"campfire_choices":[{"data":"True Grit","floor":7.0,"key":"SMITH"},{"data":"Uppercut","floor":11.0,"key":"SMITH"},{"data":"Spot Weakness","floor":15.0,"key":"SMITH"},{"data":"Evolve","floor":23.0,"key":"SMITH"},{"data":"Infernal Blade","floor":29.0,"key":"SMITH"},{"data":"Bloodletting","floor":32,"key":"SMITH"},{"floor":44,"key":"RECALL"},{"data":"Apotheosis","floor":49,"key":"SMITH"},{"data":"1","floor":52,"key":"LIFT"}],"neow_cost":"TEN_PERCENT_HP_LOSS","seed_source_timestamp":338283099971800,"circlet_count":0,"master_deck":["Bash","True Grit+1","Spot Weakness+1","Infernal Blade+1","Uppercut+1","Sword Boomerang","Flame Barrier","Warcry","Bloodletting+1","Exhume","Uppercut","Wild Strike","Reckless Charge","Metallicize","Shrug It Off","Evolve+1","Seeing Red","Warcry","Shrug It Off","Feed","Ghostly Armor","Berserk","Second Wind+1","Apotheosis+1","Entrench","Shrug It Off+1","Battle Trance+1","Dark Embrace+1","Twin Strike+1","Power Through","Battle Trance","Fire Breathing","Burning Pact"],"special_seed":0,"relics":["Burning Blood","Charon\u0027s Ashes","Vajra","PreservedInsect","Toy Ornithopter","Paper Frog","Pandora\u0027s Box","Red Mask","Pantograph","Question Card","HornCleat","Girya","Old Coin","Ornamental Fan","Coffee Dripper","Oddly Smooth Stone","Eternal Feather","Lantern","Orichalcum","Mercury Hourglass","Letter Opener","Juzu Bracelet","TheAbacus","Happy Flower"],"potions_floor_usage":[36,42,45,50,54,55,55,55],"damage_taken":[{"damage":1.0,"enemies":"2 Louse","floor":1.0,"turns":4.0},{"damage":0.0,"enemies":"Small Slimes","floor":2.0,"turns":3.0},{"damage":1.0,"enemies":"Jaw Worm","floor":3.0,"turns":4.0},{"damage":15.0,"enemies":"Exordium Wildlife","floor":4.0,"turns":6.0},{"damage":13.0,"enemies":"Lagavulin","floor":6.0,"turns":6.0},{"damage":6.0,"enemies":"Gremlin Nob","floor":8.0,"turns":3.0},{"damage":2.0,"enemies":"Exordium Thugs","floor":10.0,"turns":4.0},{"damage":4.0,"enemies":"Lots of Slimes","floor":12.0,"turns":3.0},{"damage":18.0,"enemies":"3 Sentries","floor":14.0,"turns":4.0},{"damage":8.0,"enemies":"Hexaghost","floor":16.0,"turns":9.0},{"damage":10.0,"enemies":"2 Thieves","floor":18.0,"turns":3.0},{"damage":37.0,"enemies":"Masked Bandits","floor":19.0,"turns":4.0},{"damage":5.0,"enemies":"Shell Parasite","floor":21.0,"turns":4.0},{"damage":3.0,"enemies":"Centurion and Healer","floor":22.0,"turns":6.0},{"damage":0.0,"enemies":"Chosen and Byrds","floor":24.0,"turns":5.0},{"damage":30.0,"enemies":"Slavers","floor":25.0,"turns":4.0},{"damage":3.0,"enemies":"Gremlin Leader","floor":27.0,"turns":4.0},{"damage":13.0,"enemies":"Colosseum Slavers","floor":28.0,"turns":4.0},{"damage":5.0,"enemies":"Colosseum Nobs","floor":28.0,"turns":6.0},{"damage":12.0,"enemies":"3 Cultists","floor":30.0,"turns":5.0},{"damage":42,"enemies":"Champ","floor":33,"turns":12},{"damage":9,"enemies":"3 Shapes","floor":35,"turns":6},{"damage":1,"enemies":"3 Darklings","floor":37,"turns":7},{"damage":7,"enemies":"Sphere and 2 Shapes","floor":38,"turns":7},{"damage":0,"enemies":"Giant Head","floor":40,"turns":6},{"damage":4,"enemies":"Reptomancer","floor":42,"turns":5},{"damage":8,"enemies":"Writhing Mass","floor":45,"turns":7},{"damage":3,"enemies":"Giant Head","floor":46,"turns":6},{"damage":0,"enemies":"Nemesis","floor":48,"turns":5},{"damage":45,"enemies":"Time Eater","floor":50,"turns":14},{"damage":23,"enemies":"Shield and Spear","floor":54,"turns":4},{"damage":114,"enemies":"The Heart","floor":55,"turns":6}],"seed_played":"2871356174939906653","potions_obtained":[{"floor":3.0,"key":"DistilledChaos"},{"floor":4.0,"key":"Swift Potion"},{"floor":8.0,"key":"PowerPotion"},{"floor":10.0,"key":"Energy Potion"},{"floor":14.0,"key":"BloodPotion"},{"floor":16.0,"key":"CultistPotion"},{"floor":18.0,"key":"SkillPotion"},{"floor":25.0,"key":"SpeedPotion"},{"floor":28.0,"key":"Fruit Juice"},{"floor":37,"key":"DuplicationPotion"},{"floor":45,"key":"Swift Potion"},{"floor":54,"key":"DuplicationPotion"}],"is_trial":false,"path_per_floor":["M","M","M","M","?","E","R","E","T","M","R","M","?","E","R","B",null,"M","?","$","M","M","R","M","E","T","E","?","R","M","?","R","B",null,"M","$","M","M","?","E","?","E","T","R","M","E","T","E","R","B",null,"R","$","E","B"],"character_chosen":"IRONCLAD","items_purchased":["Pantograph","Apotheosis","Entrench","Oddly Smooth Stone","Eternal Feather","Swift Potion","Battle Trance","TheAbacus","Fire Breathing","Swift Potion","EssenceOfSteel"],"campfire_rested":0,"item_purchase_floors":[20,36,36,36,36,36,53,53,53,53,53],"current_hp_per_floor":[72,72,72,63,68,61,61,61,61,65,65,72,72,60,60,63,77,73,42,42,43,46,46,57,33,33,56,56,56,50,50,50,42,86,83,91,95,102,102,103,103,103,103,103,105,111,111,111,111,72,111,111,108,91,0],"gold":125,"neow_bonus":"ONE_RARE_RELIC","is_prod":false,"is_daily":false,"chose_seed":false,"campfire_upgraded":7,"win_rate":0,"timestamp":1712101891,"path_taken":["M","M","M","M","?","E","R","E","T","M","R","M","?","E","R","BOSS","M","?","$","M","M","R","M","E","T","E","?","R","M","?","R","BOSS","M","$","M","M","?","E","?","E","T","R","M","E","?","E","R","BOSS","R","$","E","BOSS"],"build_version":"2022-12-18","purchased_purges":3,"victory":false,"max_hp_per_floor":[72,72,72,72,77,77,77,77,77,77,77,77,77,77,77,77,77,77,77,77,77,77,77,77,77,77,77,83,83,83,83,83,86,86,86,91,95,103,103,103,103,103,103,103,107,111,111,111,111,111,111,111,108,108,108],"card_choices":[{"not_picked":["Havoc","Flex"],"picked":"True Grit","floor":1.0},{"not_picked":["Warcry","Heavy Blade"],"picked":"Spot Weakness","floor":2.0},{"not_picked":["Entrench","Thunderclap"],"picked":"Infernal Blade","floor":3.0},{"not_picked":["Flex","True Grit"],"picked":"Uppercut","floor":4.0},{"not_picked":["Flex","True Grit"],"picked":"Sword Boomerang","floor":6.0},{"not_picked":["Exhume","Dropkick"],"picked":"Flame Barrier","floor":8.0},{"not_picked":["Flame Barrier","Perfected Strike","Clash"],"picked":"SKIP","floor":10.0},{"not_picked":["Havoc","Armaments"],"picked":"Warcry","floor":12.0},{"not_picked":["Sword Boomerang","Searing Blow","Rage"],"picked":"SKIP","floor":14.0},{"not_picked":["Brutality","Berserk"],"picked":"Exhume","floor":16.0},{"not_picked":["Shockwave","Wild Strike"],"picked":"Evolve","floor":18.0},{"not_picked":["Heavy Blade","Pommel Strike"],"picked":"Seeing Red","floor":21.0},{"not_picked":["Rampage+1","Sword Boomerang"],"picked":"Warcry","floor":22.0},{"not_picked":["True Grit","Anger+1"],"picked":"Shrug It Off","floor":24.0},{"not_picked":["Carnage","Rupture"],"picked":"Feed","floor":25.0},{"not_picked":["Sword Boomerang","Perfected Strike","Havoc","Body Slam"],"picked":"SKIP","floor":27.0},{"not_picked":["Flame Barrier+1","Sword Boomerang","Warcry+1"],"picked":"Ghostly Armor","floor":30.0},{"not_picked":["Feed","Reaper","Juggernaut"],"picked":"Berserk","floor":33},{"not_picked":["Flex+1","Dropkick+1","Searing Blow"],"picked":"Second Wind+1","floor":35},{"not_picked":["Combust+1","Searing Blow+1","Perfected Strike","Thunderclap"],"picked":"SKIP","floor":37},{"not_picked":["Armaments+1","Rampage","Warcry+1"],"picked":"Shrug It Off+1","floor":38},{"not_picked":["Perfected Strike","Heavy Blade+1","Rupture"],"picked":"Battle Trance+1","floor":40},{"not_picked":["Brutality","Dropkick","Hemokinesis"],"picked":"Dark Embrace+1","floor":42},{"not_picked":["Flame Barrier+1","Sever Soul+1","Wild Strike"],"picked":"Twin Strike+1","floor":45},{"not_picked":["Cleave","Headbutt","Anger"],"picked":"Power Through","floor":46},{"not_picked":["Perfected Strike+1","Metallicize","Shrug It Off","Flex"],"picked":"SKIP","floor":48},{"not_picked":["Clothesline+1","Spot Weakness","Anger"],"picked":"Burning Pact","floor":54}],"player_experience":1074727,"relics_obtained":[{"floor":6.0,"key":"Vajra"},{"floor":8.0,"key":"PreservedInsect"},{"floor":9.0,"key":"Toy Ornithopter"},{"floor":14.0,"key":"Paper Frog"},{"floor":19.0,"key":"Red Mask"},{"floor":25.0,"key":"Question Card"},{"floor":26.0,"key":"HornCleat"},{"floor":27.0,"key":"Girya"},{"floor":28.0,"key":"Old Coin"},{"floor":28.0,"key":"Ornamental Fan"},{"floor":40,"key":"Lantern"},{"floor":42,"key":"Orichalcum"},{"floor":46,"key":"Mercury Hourglass"},{"floor":47,"key":"Letter Opener"},{"floor":48,"key":"Juzu Bracelet"},{"floor":54,"key":"Happy Flower"}],"event_choices":[{"damage_healed":0.0,"max_hp_gain":5.0,"max_hp_loss":0.0,"gold_gain":0.0,"event_name":"Big Fish","player_choice":"Donut","floor":5.0,"gold_loss":0.0,"damage_taken":0.0},{"damage_healed":0.0,"max_hp_gain":0.0,"max_hp_loss":0.0,"gold_gain":0.0,"cards_transformed":["Strike_R"],"event_name":"Living Wall","player_choice":"Change","floor":13.0,"gold_loss":0.0,"damage_taken":0.0,"cards_obtained":["Bloodletting"]},{"damage_healed":0.0,"max_hp_gain":0.0,"max_hp_loss":0.0,"gold_gain":0.0,"event_name":"Masked Bandits","player_choice":"Fought Bandits","floor":19.0,"gold_loss":0.0,"damage_taken":0.0},{"damage_healed":0.0,"max_hp_gain":0.0,"max_hp_loss":0.0,"gold_gain":0.0,"event_name":"Colosseum","player_choice":"Fight","floor":28.0,"gold_loss":0.0,"damage_taken":0.0},{"damage_healed":0.0,"max_hp_gain":0.0,"max_hp_loss":0.0,"gold_gain":0.0,"event_name":"Colosseum","player_choice":"Fought Nobs","floor":28.0,"gold_loss":0.0,"damage_taken":0.0},{"damage_healed":0.0,"max_hp_gain":0.0,"max_hp_loss":0.0,"gold_gain":99.0,"event_name":"Nest","player_choice":"Stole From Cult","floor":31.0,"gold_loss":0.0,"damage_taken":0.0},{"damage_healed":0,"gold_gain":222,"player_choice":"Wore Mask","damage_taken":0,"max_hp_gain":0,"max_hp_loss":0,"event_name":"Tomb of Lord Red Mask","floor":39,"gold_loss":0},{"cards_removed":["Sword Boomerang"],"damage_healed":0,"gold_gain":0,"player_choice":"Removed Attack","damage_taken":0,"max_hp_gain":0,"max_hp_loss":0,"event_name":"Falling","floor":41,"gold_loss":0}],"is_beta":false,"boss_relics":[{"not_picked":["Black Blood","Tiny House"],"picked":"Pandora\u0027s Box"},{"not_picked":["Runic Pyramid","SlaversCollar"],"picked":"Coffee Dripper"}],"items_purged_floors":[20,36,53],"is_endless":false,"potions_floor_spawned":[3,4,8,10,14,16,18,25,28,28,37,38,40,45,54],"killed_by":"The Heart","ascension_level":1}