{"gold_per_floor":[13,13,33,208,228,228,241,276,276,276,276,286,286,317,317,417,417,437,527,222,21,21,21,52,65,65,100,100,100,199,214,214,309,309,325,325,325,344,362,362,381,399,399,399,412,432,5,22,22,22],"floor_reached":51,"playtime":4445,"items_purged":["Strike_B","Doubt","Strike_B"],"score":971,"play_id":"94cf832d-fa1e-4e98-8e70-59a98ab18ce4","local_time":"20230223122645","is_ascension_mode":true,"campfire_choices":[{"data":"Zap","floor":6.0,"key":"SMITH"},{"floor":10.0,"key":"REST"},{"data":"Dualcast","floor":13.0,"key":"SMITH"},{"floor":15.0,"key":"REST"},{"floor":23.0,"key":"REST"},{"floor":28.0,"key":"REST"},{"data":"Hologram","floor":32.0,"key":"SMITH"},{"data":"Buffer","floor":40,"key":"SMITH"},{"data":"Biased Cognition","floor":44,"key":"SMITH"},{"data":"Echo Form","floor":49,"key":"SMITH"}],"neow_cost":"NO_GOLD","seed_source_timestamp":44650404956800,"circlet_count":0,"master_deck":["AscendersBane","Defend_B+1","Defend_B","Zap+1","Dualcast+1","Auto Shields+1","Cold Snap+1","Rebound+1","Ball Lightning","Reboot+1","Echo Form+1","Capacitor","Self Repair","Hologram+1","Streamline","Biased Cognition+1","Buffer+1","All For One","Compile Driver+1","Barrage","Redo+1","Cold Snap","Core Surge","Reinforced Body","Finesse"],"special_seed":0,"relics":["Cracked Core","Cables","HornCleat","Potion Belt","Nuclear Battery","Membership Card","DataDisk","Nunchaku","Strange Spoon","Darkstone Periapt","War Paint","Letter Opener","Whetstone","Coffee Dripper","Ginger","Regal Pillow","Ice Cream","Cauldron"],"potions_floor_usage":[42,45,46,48,50,50,50],"damage_taken":[{"damage":7.0,"enemies":"Jaw Worm","floor":1.0,"turns":3.0},{"damage":1.0,"enemies":"Small Slimes","floor":3.0,"turns":3.0},{"damage":1.0,"enemies":"Cultist","floor":5.0,"turns":5.0},{"damage":6.0,"enemies":"Exordium Thugs","floor":7.0,"turns":7.0},{"damage":23.0,"enemies":"Gremlin Nob","floor":8.0,"turns":5.0},{"damage":0.0,"enemies":"Exordium Wildlife","floor":12.0,"turns":2.0},{"damage":6.0,"enemies":"3 Sentries","floor":14.0,"turns":6.0},{"damage":53.0,"enemies":"Hexaghost","floor":16.0,"turns":12.0},{"damage":0.0,"enemies":"Shell Parasite","floor":18.0,"turns":4.0},{"damage":9.0,"enemies":"Book of Stabbing","floor":24.0,"turns":6.0},{"damage":0.0,"enemies":"2 Thieves","floor":25.0,"turns":2.0},{"damage":40.0,"enemies":"Slavers","floor":27.0,"turns":5.0},{"damage":1.0,"enemies":"3 Cultists","floor":31.0,"turns":3.0},{"damage":39.0,"enemies":"Collector","floor":33.0,"turns":8.0},{"damage":13.0,"enemies":"3 Darklings","floor":35.0,"turns":4.0},{"damage":0,"enemies":"3 Shapes","floor":38,"turns":5},{"damage":0,"enemies":"Sphere and 2 Shapes","floor":39,"turns":4},{"damage":8,"enemies":"Jaw Worm Horde","floor":41,"turns":3},{"damage":2,"enemies":"Spire Growth","floor":42,"turns":5},{"damage":12,"enemies":"4 Shapes","floor":45,"turns":7},{"damage":0,"enemies":"3 Darklings","floor":46,"turns":4},{"damage":0,"enemies":"Sphere and 2 Shapes","floor":48,"turns":4},{"damage":21,"enemies":"Awakened One","floor":50,"turns":13}],"seed_played":"8706676462480939285","potions_obtained":[{"floor":7.0,"key":"Swift Potion"},{"floor":8.0,"key":"Weak Potion"},{"floor":11.0,"key":"CultistPotion"},{"floor":11.0,"key":"Explosive Potion"},{"floor":12.0,"key":"Block Potion"},{"floor":16.0,"key":"BlessingOfTheForge"},{"floor":18.0,"key":"SpeedPotion"},{"floor":24.0,"key":"LiquidMemories"},{"floor":27.0,"key":"Energy Potion"},{"floor":39,"key":"SteroidPotion"},{"floor":42,"key":"Fruit Juice"},{"floor":45,"key":"Swift Potion"},{"floor":47,"key":"GamblersBrew"},{"floor":47,"key":"LiquidBronze"},{"floor":47,"key":"EssenceOfSteel"},{"floor":47,"key":"LiquidMemories"},{"floor":48,"key":"PowerPotion"}],"is_trial":false,"path_per_floor":["M","?","M","?","M","R","M","E","T","R","?","M","R","E","R","B",null,"M","?","$","$","T","R","E","M","T","E","R","?","?","M","R","B",null,"M","?","?","M","M","R","M","M","T","R","M","M","$","M","R","B",null],"character_chosen":"DEFECT","items_purchased":["Membership Card","Self Repair","DataDisk","Hologram","Nunchaku","Strange Spoon","Core Surge","Ice Cream","Reinforced Body","Finesse","Cauldron"],"campfire_rested":4,"item_purchase_floors":[20,20,20,20,21,21,47,47,47,47,47],"current_hp_per_floor":[61,61,60,60,59,59,53,30,30,52,52,52,52,46,68,15,60,60,48,48,48,48,70,68,75,75,49,71,71,71,70,70,31,64,65,65,65,75,75,75,67,70,70,70,58,58,58,65,65,44],"gold":22,"neow_bonus":"REMOVE_TWO","is_prod":false,"is_daily":false,"chose_seed":false,"campfire_upgraded":6,"win_rate":0,"timestamp":1677184005,"path_taken":["M","?","M","?","M","R","M","E","T","R","?","M","R","E","R","BOSS","M","?","?","$","?","R","E","M","T","E","R","?","?","M","R","BOSS","M","?","?","M","M","R","?","M","T","R","M","M","$","M","R","BOSS"],"build_version":"2022-12-18","purchased_purges":3,"victory":true,"max_hp_per_floor":[75,75,75,75,75,75,75,75,75,75,75,75,75,75,75,75,75,75,75,75,75,75,75,75,75,75,75,75,75,75,75,75,75,75,75,75,75,75,75,75,75,80,80,80,80,80,80,80,80,80],"card_choices":[{"not_picked":["Conserve Battery","Hologram"],"picked":"Auto Shields","floor":1.0},{"not_picked":["Compile Driver","Undo"],"picked":"Cold Snap","floor":3.0},{"not_picked":["Hologram","Recycle","Stack"],"picked":"SKIP","floor":5.0},{"not_picked":["Coolheaded","Sweeping Beam"],"picked":"Rebound","floor":7.0},{"not_picked":["Turbo","Streamline"],"picked":"Ball Lightning","floor":8.0},{"not_picked":["Steam","Beam Cell","Chaos"],"picked":"SKIP","floor":12.0},{"not_picked":["Static Discharge","Storm"],"picked":"Reboot","floor":14.0},{"not_picked":["Core Surge","Seek"],"picked":"Echo Form","floor":16.0},{"not_picked":["Turbo","Ball Lightning"],"picked":"Capacitor","floor":18.0},{"not_picked":["Rebound","Stack"],"picked":"Streamline","floor":24.0},{"not_picked":["Storm+1","Steam","Rip and Tear"],"picked":"SKIP","floor":25.0},{"not_picked":["Redo","Darkness"],"picked":"Biased Cognition","floor":27.0},{"not_picked":["Turbo+1","Leap","Sweeping Beam"],"picked":"SKIP","floor":31.0},{"not_picked":["Blizzard","Hologram+1"],"picked":"Compile Driver+1","floor":35.0},{"not_picked":["Streamline","Reprogram"],"picked":"Barrage","floor":38},{"not_picked":["Ball Lightning","Double Energy+1","Gash"],"picked":"SKIP","floor":39},{"not_picked":["Conserve Battery","Melter","Rebound+1"],"picked":"SKIP","floor":41},{"not_picked":["Turbo","Ball Lightning"],"picked":"Redo+1","floor":42},{"not_picked":["Sunder","Conserve Battery+1","Beam Cell+1"],"picked":"SKIP","floor":45},{"not_picked":["Conserve Battery+1","Stack+1"],"picked":"Cold Snap","floor":46},{"not_picked":["Rebound","Compile Driver","Fusion"],"picked":"SKIP","floor":48}],"player_experience":622299,"relics_obtained":[{"floor":8.0,"key":"Cables"},{"floor":9.0,"key":"HornCleat"},{"floor":14.0,"key":"Potion Belt"},{"floor":22.0,"key":"Darkstone Periapt"},{"floor":24.0,"key":"War Paint"},{"floor":26.0,"key":"Letter Opener"},{"floor":27.0,"key":"Whetstone"},{"floor":43,"key":"Regal Pillow"}],"event_choices":[{"damage_healed":0.0,"max_hp_gain":0.0,"max_hp_loss":0.0,"gold_gain":0.0,"event_name":"Living Wall","player_choice":"Grow","floor":2.0,"gold_loss":0.0,"damage_taken":0.0,"cards_upgraded":["Auto Shields"]},{"damage_healed":0.0,"max_hp_gain":0.0,"max_hp_loss":0.0,"gold_gain":175.0,"event_name":"Liars Game","player_choice":"AGREE","floor":4.0,"gold_loss":0.0,"damage_taken":0.0,"cards_obtained":["Doubt"]},{"damage_healed":0.0,"max_hp_gain":0.0,"max_hp_loss":0.0,"gold_gain":0.0,"event_name":"Lab","player_choice":"Got Potions","floor":11.0,"gold_loss":0.0,"damage_taken":0.0},{"damage_healed":0.0,"max_hp_gain":0.0,"max_hp_loss":0.0,"gold_gain":90.0,"event_name":"Knowing Skull","player_choice":"GOLD ","floor":19.0,"potions_obtained":[],"gold_loss":0.0,"damage_taken":12.0,"cards_obtained":[]},{"damage_healed":0.0,"max_hp_gain":0.0,"max_hp_loss":0.0,"gold_gain":0.0,"cards_transformed":["Defend_B","Strike_B"],"event_name":"Drug Dealer","player_choice":"Became Test Subject","floor":29.0,"gold_loss":0.0,"damage_taken":0.0,"cards_obtained":["Buffer","All For One"]},{"damage_healed":0.0,"max_hp_gain":0.0,"max_hp_loss":0.0,"gold_gain":99.0,"event_name":"Nest","player_choice":"Stole From Cult","floor":30.0,"gold_loss":0.0,"damage_taken":0.0},{"damage_healed":0.0,"max_hp_gain":0.0,"max_hp_loss":0.0,"gold_gain":0.0,"event_name":"Tomb of Lord Red Mask","player_choice":"Ignored","floor":36.0,"gold_loss":0.0,"damage_taken":0.0},{"damage_healed":0,"gold_gain":0,"player_choice":"Gave Potion","damage_taken":0,"relics_obtained":["Ginger"],"max_hp_gain":0,"max_hp_loss":0,"event_name":"WeMeetAgain","floor":37,"gold_loss":0}],"is_beta":false,"boss_relics":[{"not_picked":["Velvet Choker","Tiny House"],"picked":"Nuclear Battery"},{"not_picked":["Astrolabe","Fusion Hammer"],"picked":"Coffee Dripper"}],"items_purged_floors":[20,21,47],"is_endless":false,"potions_floor_spawned":[7,8,12,16,18,24,27,39,42,45,48],"ascension_level":10}