{"gold_per_floor":[111,36,36,56,23,55,55,87,111,127,127,140,154,183,183,286,286,303,321,411,431,431],"floor_reached":22,"playtime":1618,"items_purged":["Strike_B"],"score":370,"play_id":"d97b8888-cb47-4892-a213-8b3447c38ad9","local_time":"20230310234354","is_ascension_mode":true,"campfire_choices":[{"data":"Zap","floor":7.0,"key":"SMITH"},{"floor":11.0,"key":"REST"},{"data":"Dualcast","floor":15.0,"key":"SMITH"}],"neow_cost":"NONE","seed_source_timestamp":367682501405900,"circlet_count":0,"master_deck":["AscendersBane","Strike_B","Strike_B","Strike_B","Defend_B","Defend_B","Defend_B","Defend_B","Zap+1","Dualcast+1","Undo","Cold Snap","Sweeping Beam","Barrage","Glacier","Thunder Strike","Hologram+1","Recycle","Capacitor"],"special_seed":0,"relics":["Cracked Core","NeowsBlessing","DataDisk","Eternal Feather","Lantern","Thread and Needle","Philosopher\u0027s Stone"],"potions_floor_usage":[21],"damage_taken":[{"damage":0.0,"enemies":"2 Louse","floor":1.0,"turns":1.0},{"damage":0.0,"enemies":"Jaw Worm","floor":4.0,"turns":1.0},{"damage":0.0,"enemies":"3 Sentries","floor":6.0,"turns":2.0},{"damage":31.0,"enemies":"Gremlin Nob","floor":8.0,"turns":5.0},{"damage":0.0,"enemies":"Cultist","floor":10.0,"turns":3.0},{"damage":8.0,"enemies":"Lots of Slimes","floor":12.0,"turns":4.0},{"damage":14.0,"enemies":"3 Louse","floor":13.0,"turns":3.0},{"damage":3.0,"enemies":"3 Sentries","floor":14.0,"turns":7.0},{"damage":10.0,"enemies":"The Guardian","floor":16.0,"turns":14.0},{"damage":8.0,"enemies":"Spheric Guardian","floor":18.0,"turns":4.0},{"damage":10.0,"enemies":"2 Thieves","floor":19.0,"turns":4.0},{"damage":20,"enemies":"Cultist and Chosen","floor":21,"turns":9},{"damage":16,"enemies":"3 Cultists","floor":22,"turns":6}],"seed_played":"-8112624422597541518","potions_obtained":[{"floor":4.0,"key":"Dexterity Potion"},{"floor":6.0,"key":"Ancient Potion"},{"floor":12.0,"key":"EntropicBrew"},{"floor":16.0,"key":"SteroidPotion"},{"floor":19.0,"key":"Swift Potion"}],"is_trial":false,"path_per_floor":["M","$","?","M","?","E","R","E","T","M","R","M","M","E","R","B",null,"M","M","?","M","M"],"character_chosen":"DEFECT","items_purchased":[],"campfire_rested":1,"item_purchase_floors":[],"current_hp_per_floor":[68,68,68,68,68,68,68,37,37,37,65,57,43,40,49,39,66,58,48,36,16,0],"gold":431,"neow_bonus":"THREE_ENEMY_KILL","is_prod":false,"is_daily":false,"chose_seed":false,"campfire_upgraded":2,"win_rate":0,"timestamp":1678520634,"path_taken":["M","$","?","M","?","E","R","E","T","M","R","M","M","E","R","BOSS","M","M","?","?","M"],"build_version":"2022-12-18","purchased_purges":1,"victory":false,"max_hp_per_floor":[75,75,75,75,75,75,75,75,75,75,75,75,75,75,75,75,75,75,75,75,75,75],"card_choices":[{"not_picked":["Gash","Consume"],"picked":"Undo","floor":1.0},{"not_picked":["Go for the Eyes","Beam Cell"],"picked":"Cold Snap","floor":4.0},{"not_picked":["Meteor Strike","Turbo","Reprogram"],"picked":"SKIP","floor":6.0},{"not_picked":["Reinforced Body","Compile Driver"],"picked":"Sweeping Beam","floor":8.0},{"not_picked":["Force Field","Redo","Beam Cell"],"picked":"SKIP","floor":10.0},{"not_picked":["Aggregate","Genetic Algorithm","Undo"],"picked":"SKIP","floor":12.0},{"not_picked":["Aggregate","Genetic Algorithm","Undo"],"picked":"SKIP","floor":12.0},{"not_picked":["Hello World","Darkness"],"picked":"Barrage","floor":13.0},{"not_picked":["Redo","Hologram"],"picked":"Glacier","floor":14.0},{"not_picked":["Machine Learning","Core Surge"],"picked":"Thunder Strike","floor":16.0},{"not_picked":["Cold Snap+1","Sweeping Beam"],"picked":"Hologram+1","floor":18.0},{"not_picked":["Hello World","Barrage"],"picked":"Recycle","floor":19.0},{"not_picked":["Cold Snap","Hologram"],"picked":"Capacitor","floor":21}],"player_experience":705712,"relics_obtained":[{"floor":6.0,"key":"DataDisk"},{"floor":8.0,"key":"Eternal Feather"},{"floor":9.0,"key":"Lantern"},{"floor":14.0,"key":"Thread and Needle"}],"event_choices":[{"damage_healed":0.0,"max_hp_gain":0.0,"max_hp_loss":0.0,"gold_gain":0.0,"event_name":"The Cleric","player_choice":"Leave","floor":3.0,"gold_loss":0.0,"damage_taken":0.0},{"damage_healed":0.0,"max_hp_gain":0.0,"max_hp_loss":0.0,"gold_gain":0.0,"event_name":"World of Goop","player_choice":"Left Gold","floor":5.0,"gold_loss":33.0,"damage_taken":0.0},{"damage_healed":0.0,"max_hp_gain":0.0,"max_hp_loss":0.0,"gold_gain":90.0,"event_name":"Knowing Skull","player_choice":"GOLD ","floor":20.0,"potions_obtained":[],"gold_loss":0.0,"damage_taken":12.0,"cards_obtained":[]}],"is_beta":false,"boss_relics":[{"not_picked":["Busted Crown","SacredBark"],"picked":"Philosopher\u0027s Stone"}],"items_purged_floors":[2],"is_endless":false,"potions_floor_spawned":[4,6,12,16,19],"killed_by":"3 Cultists","ascension_level":12}