{"gold_per_floor":[11,11,30,46,46,46,81,91,118,118,138,138,170,170,170,273,273,290,290,308,308,76,111,111,19,19,35,35,63,63,78,78,181,181,200,200,249,349,360,387,387,416,416,161,178,11,11,30,30,30],"floor_reached":51,"playtime":5277,"items_purged":["Strike_B","Defend_B"],"score":1262,"play_id":"fea83a6e-179f-4da9-876e-2f885d033b8f","local_time":"20230313161503","is_ascension_mode":true,"campfire_choices":[{"data":"Zap","floor":6.0,"key":"SMITH"},{"floor":12.0,"key":"REST"},{"floor":15.0,"key":"REST"},{"floor":24.0,"key":"REST"},{"floor":28.0,"key":"REST"},{"floor":30.0,"key":"REST"},{"data":"Hologram","floor":32.0,"key":"SMITH"},{"data":"Defragment","floor":41.0,"key":"SMITH"},{"data":"Reboot","floor":47,"key":"SMITH"},{"data":"White Noise","floor":49,"key":"SMITH"}],"neow_cost":"NO_GOLD","seed_source_timestamp":0,"circlet_count":0,"master_deck":["AscendersBane","Strike_B+1","Defend_B","Defend_B","Defend_B","Zap+1","Dualcast","Lockon","Streamline","Hologram+1","White Noise+1","Ball Lightning+1","Storm","Recycle+1","Multi-Cast","Glacier","Defragment+1","Go for the Eyes","Conserve Battery","Self Repair","Cold Snap+1","Reboot+1","Panacea","Rebound","Capacitor","Coolheaded","Compile Driver+1","Master of Strategy"],"special_seed":0,"relics":["Cracked Core","Pocketwatch","Pen Nib","Whetstone","Bag of Preparation","Runic Pyramid","Nilry\u0027s Codex","Thread and Needle","InkBottle","Pear","Nuclear Battery","FossilizedHelix","Bird Faced Urn","Blue Candle","Singing Bowl","Lantern"],"potions_floor_usage":[50],"damage_taken":[{"damage":12.0,"enemies":"Small Slimes","floor":1.0,"turns":3.0},{"damage":0.0,"enemies":"Cultist","floor":3.0,"turns":2.0},{"damage":0.0,"enemies":"Jaw Worm","floor":4.0,"turns":3.0},{"damage":15.0,"enemies":"Lagavulin","floor":7.0,"turns":5.0},{"damage":17.0,"enemies":"Gremlin Gang","floor":8.0,"turns":4.0},{"damage":0.0,"enemies":"3 Louse","floor":11.0,"turns":2.0},{"damage":8.0,"enemies":"Gremlin Nob","floor":13.0,"turns":3.0},{"damage":21.0,"enemies":"The Guardian","floor":16.0,"turns":7.0},{"damage":0.0,"enemies":"Chosen","floor":18.0,"turns":3.0},{"damage":21.0,"enemies":"2 Thieves","floor":20.0,"turns":5.0},{"damage":11.0,"enemies":"Book of Stabbing","floor":23.0,"turns":7.0},{"damage":18.0,"enemies":"3 Cultists","floor":27.0,"turns":6.0},{"damage":44.0,"enemies":"Gremlin Leader","floor":29.0,"turns":6.0},{"damage":6.0,"enemies":"Centurion and Healer","floor":31.0,"turns":9.0},{"damage":14.0,"enemies":"Champ","floor":33.0,"turns":14.0},{"damage":2.0,"enemies":"3 Darklings","floor":35.0,"turns":4.0},{"damage":22.0,"enemies":"2 Orb Walkers","floor":37.0,"turns":6.0},{"damage":0.0,"enemies":"3 Shapes","floor":39.0,"turns":4.0},{"damage":26.0,"enemies":"Reptomancer","floor":40.0,"turns":10.0},{"damage":0.0,"enemies":"Nemesis","floor":42.0,"turns":7.0},{"damage":0,"enemies":"Maw","floor":45,"turns":7},{"damage":0,"enemies":"Writhing Mass","floor":48,"turns":5},{"damage":28,"enemies":"Donu and Deca","floor":50,"turns":13}],"seed_played":"5036311027218637298","potions_obtained":[{"floor":1.0,"key":"LiquidBronze"},{"floor":8.0,"key":"Ancient Potion"},{"floor":11.0,"key":"Fire Potion"},{"floor":16.0,"key":"AttackPotion"},{"floor":23.0,"key":"Strength Potion"},{"floor":33.0,"key":"Fire Potion"},{"floor":35.0,"key":"ColorlessPotion"},{"floor":39.0,"key":"Strength Potion"},{"floor":40.0,"key":"FearPotion"},{"floor":42.0,"key":"PotionOfCapacity"}],"is_trial":false,"path_per_floor":["M","$","M","M","?","R","E","M","T","?","M","R","E","?","R","B",null,"M","?","M","?","$","E","R","$","T","M","R","E","R","M","R","B",null,"M","?","?","?","M","E","R","E","T","$","M","$","R","M","R","B",null],"character_chosen":"DEFECT","items_purchased":["Defragment","DuplicationPotion","Conserve Battery","Self Repair","Lantern","Master of Strategy"],"campfire_rested":5,"item_purchase_floors":[22,22,25,25,44,46],"current_hp_per_floor":[56,56,56,56,56,56,41,24,24,24,24,46,38,38,60,39,66,66,50,29,29,29,18,40,40,40,29,51,24,49,50,50,43,75,80,80,65,65,72,53,53,74,74,74,85,85,85,87,87,74],"gold":30,"neow_bonus":"ONE_RARE_RELIC","is_prod":false,"is_daily":false,"chose_seed":false,"campfire_upgraded":5,"win_rate":0,"timestamp":1678749303,"path_taken":["M","$","M","M","?","R","E","M","T","?","?","R","E","?","R","BOSS","M","?","M","?","$","E","R","$","T","?","R","E","R","M","R","BOSS","M","?","?","?","M","E","R","E","T","$","M","$","R","?","R","BOSS"],"build_version":"2022-12-18","purchased_purges":2,"victory":true,"max_hp_per_floor":[75,75,75,75,75,75,75,75,75,75,75,75,75,75,75,75,75,75,75,75,75,75,75,75,75,75,75,75,85,85,85,85,85,85,85,85,85,85,85,85,85,85,85,85,85,85,85,87,87,87],"card_choices":[{"not_picked":["Recycle","Chill"],"picked":"Lockon","floor":1.0},{"not_picked":["Beam Cell","Skim"],"picked":"Streamline","floor":3.0},{"not_picked":["Redo","Scrape"],"picked":"Hologram","floor":4.0},{"not_picked":["Core Surge","Storm"],"picked":"White Noise","floor":7.0},{"not_picked":["Steam Power","Leap"],"picked":"Ball Lightning","floor":8.0},{"not_picked":["Compile Driver","Heatsinks"],"picked":"Recycle","floor":11.0},{"not_picked":["Leap","Sweeping Beam","Sunder"],"picked":"SKIP","floor":13.0},{"not_picked":["Fission","Core Surge"],"picked":"Multi-Cast","floor":16.0},{"not_picked":["Storm+1","Go for the Eyes"],"picked":"Glacier","floor":18.0},{"not_picked":["Sweeping Beam","Ball Lightning+1","Hologram"],"picked":"SKIP","floor":20.0},{"not_picked":["Reprogram","Hologram"],"picked":"Go for the Eyes","floor":23.0},{"not_picked":["Scrape","Ball Lightning"],"picked":"Cold Snap+1","floor":27.0},{"not_picked":["Gash","Ball Lightning","Conserve Battery+1"],"picked":"SKIP","floor":29.0},{"not_picked":["Stack+1","Leap","Rainbow"],"picked":"SKIP","floor":31.0},{"not_picked":["Buffer","Machine Learning"],"picked":"Reboot","floor":33.0},{"not_picked":["Force Field+1","Ball Lightning","Turbo+1"],"picked":"SKIP","floor":35.0},{"not_picked":["Metamorphosis","Discovery"],"picked":"Panacea","floor":36.0},{"not_picked":["Stack","Redo"],"picked":"Rebound","floor":37.0},{"not_picked":["Compile Driver","Darkness+1"],"picked":"Capacitor","floor":39.0},{"not_picked":["Darkness","Reinforced Body"],"picked":"Coolheaded","floor":40.0},{"not_picked":["All For One","Barrage","Skim"],"picked":"SKIP","floor":42.0},{"not_picked":["Coolheaded","All For One"],"picked":"Compile Driver+1","floor":45},{"not_picked":["Lockon","Doom and Gloom+1","Turbo"],"picked":"Singing Bowl","floor":48}],"player_experience":716740,"relics_obtained":[{"floor":7.0,"key":"Pen Nib"},{"floor":9.0,"key":"Whetstone"},{"floor":13.0,"key":"Bag of Preparation"},{"floor":19.0,"key":"Nilry\u0027s Codex"},{"floor":23.0,"key":"Thread and Needle"},{"floor":26.0,"key":"InkBottle"},{"floor":29.0,"key":"Pear"},{"floor":37.0,"key":"FossilizedHelix"},{"floor":40.0,"key":"Bird Faced Urn"},{"floor":42.0,"key":"Blue Candle"},{"floor":43.0,"key":"Singing Bowl"}],"event_choices":[{"cards_removed":["Strike_B"],"damage_healed":0.0,"max_hp_gain":0.0,"max_hp_loss":0.0,"gold_gain":0.0,"event_name":"Living Wall","player_choice":"Forget","floor":5.0,"gold_loss":0.0,"damage_taken":0.0},{"damage_healed":0.0,"max_hp_gain":0.0,"max_hp_loss":0.0,"gold_gain":0.0,"cards_transformed":["Strike_B"],"event_name":"Transmorgrifier","player_choice":"Transformed","floor":10.0,"gold_loss":0.0,"damage_taken":0.0,"cards_obtained":["Storm"]},{"damage_healed":0.0,"max_hp_gain":0.0,"max_hp_loss":0.0,"gold_gain":0.0,"event_name":"Dead Adventurer","player_choice":"Searched \u00270\u0027 times","floor":14.0,"gold_loss":0.0,"damage_taken":0.0},{"damage_healed":0.0,"max_hp_gain":0.0,"max_hp_loss":0.0,"gold_gain":0.0,"event_name":"Cursed Tome","player_choice":"Obtained Book","floor":19.0,"gold_loss":0.0,"damage_taken":16.0},{"damage_healed":0.0,"max_hp_gain":0.0,"max_hp_loss":0.0,"gold_gain":0.0,"event_name":"Upgrade Shrine","player_choice":"Upgraded","floor":21.0,"gold_loss":0.0,"damage_taken":0.0,"cards_upgraded":["Recycle"]},{"damage_healed":0.0,"max_hp_gain":0.0,"max_hp_loss":0.0,"gold_gain":0.0,"event_name":"SensoryStone","player_choice":"Memory 1","floor":36.0,"gold_loss":0.0,"damage_taken":0.0},{"damage_healed":0.0,"max_hp_gain":0.0,"max_hp_loss":0.0,"gold_gain":0.0,"event_name":"Mysterious Sphere","player_choice":"Fight","floor":37.0,"gold_loss":0.0,"damage_taken":0.0},{"damage_healed":0.0,"max_hp_gain":0.0,"max_hp_loss":0.0,"gold_gain":100.0,"event_name":"Golden Shrine","player_choice":"Pray","floor":38.0,"gold_loss":0.0,"damage_taken":0.0}],"is_beta":false,"boss_relics":[{"not_picked":["Fusion Hammer","SlaversCollar"],"picked":"Runic Pyramid"},{"not_picked":["Astrolabe","Black Star"],"picked":"Nuclear Battery"}],"items_purged_floors":[22,44],"is_endless":false,"potions_floor_spawned":[1,8,11,13,16,23,33,35,39,40,42,48],"ascension_level":12}