{"gold_per_floor":[210,229,240,251,251,284,284,297,376,376,388,414,115,65,65,160,160,170,48,63,63,63,95,108,108,108,108,108,108,108,127,127,226,226,245,295,341,341,351,351,380,396,464,464,464,478,303,318,318,318],"floor_reached":51,"playtime":4810,"items_purged":["Defend_B","Defend_B","Decay"],"score":1079,"play_id":"f61cf5e3-c282-4943-aca2-a149eeed1b6c","local_time":"20230306105510","is_ascension_mode":true,"campfire_choices":[{"floor":7.0,"key":"REST"},{"data":"Sunder","floor":10.0,"key":"SMITH"},{"data":"Echo Form","floor":15.0,"key":"SMITH"},{"floor":25.0,"key":"REST"},{"data":"Seek","floor":27.0,"key":"SMITH"},{"floor":32.0,"key":"REST"},{"floor":40.0,"key":"REST"},{"data":"Creative AI","floor":45.0,"key":"SMITH"},{"floor":49,"key":"REST"}],"neow_cost":"NONE","seed_source_timestamp":0,"circlet_count":0,"master_deck":["AscendersBane","Strike_B","Strike_B","Defend_B","Defend_B","Zap","Dualcast","Reinforced Body","Cold Snap","Undo","Sunder+1","Glacier","Sweeping Beam","Echo Form+1","Rebound","Lockon","Seek+1","Ball Lightning","Coolheaded","FTL","Seek","Turbo","Redo+1","Creative AI+1","CurseOfTheBell","Conserve Battery+1","Heatsinks+1","Consume","Madness","Madness","Hologram+1"],"special_seed":0,"relics":["Cracked Core","FossilizedHelix","Darkstone Periapt","Ginger","Bag of Preparation","Inserter","Lantern","Du-Vu Doll","Toy Ornithopter","Calling Bell","Strawberry","Symbiotic Virus","StoneCalendar","Lizard Tail","Dead Branch","Emotion Chip","Kunai"],"potions_floor_usage":[48,50],"damage_taken":[{"damage":10.0,"enemies":"2 Louse","floor":1.0,"turns":3.0},{"damage":0.0,"enemies":"Small Slimes","floor":2.0,"turns":3.0},{"damage":1.0,"enemies":"Cultist","floor":3.0,"turns":4.0},{"damage":6.0,"enemies":"3 Louse","floor":4.0,"turns":4.0},{"damage":19.0,"enemies":"Gremlin Nob","floor":6.0,"turns":4.0},{"damage":4.0,"enemies":"Exordium Wildlife","floor":8.0,"turns":7.0},{"damage":0.0,"enemies":"Red Slaver","floor":11.0,"turns":5.0},{"damage":0.0,"enemies":"3 Sentries","floor":12.0,"turns":7.0},{"damage":34.0,"enemies":"The Guardian","floor":16.0,"turns":17.0},{"damage":0.0,"enemies":"Chosen","floor":18.0,"turns":5.0},{"damage":4.0,"enemies":"3 Byrds","floor":20.0,"turns":4.0},{"damage":26.0,"enemies":"Slavers","floor":23.0,"turns":6.0},{"damage":12.0,"enemies":"Snake Plant","floor":24.0,"turns":5.0},{"damage":0.0,"enemies":"Cultist and Chosen","floor":31.0,"turns":8.0},{"damage":68.0,"enemies":"Automaton","floor":33.0,"turns":14.0},{"damage":17.0,"enemies":"3 Darklings","floor":35.0,"turns":5.0},{"damage":0.0,"enemies":"Mind Bloom Boss Battle","floor":36.0,"turns":9.0},{"damage":16.0,"enemies":"2 Orb Walkers","floor":37.0,"turns":6.0},{"damage":2.0,"enemies":"Orb Walker","floor":39.0,"turns":5.0},{"damage":7.0,"enemies":"Nemesis","floor":41.0,"turns":9.0},{"damage":0.0,"enemies":"Maw","floor":42.0,"turns":7.0},{"damage":15.0,"enemies":"3 Darklings","floor":46.0,"turns":7.0},{"damage":1,"enemies":"Writhing Mass","floor":48,"turns":5},{"damage":36,"enemies":"Donu and Deca","floor":50,"turns":16}],"seed_played":"-8263237790863196927","potions_obtained":[{"floor":2.0,"key":"DistilledChaos"},{"floor":4.0,"key":"FearPotion"},{"floor":6.0,"key":"Swift Potion"},{"floor":16.0,"key":"DistilledChaos"},{"floor":20.0,"key":"DistilledChaos"},{"floor":31.0,"key":"SneckoOil"},{"floor":33.0,"key":"Fire Potion"},{"floor":36.0,"key":"Block Potion"},{"floor":41.0,"key":"BlessingOfTheForge"},{"floor":46.0,"key":"BlessingOfTheForge"},{"floor":48,"key":"PotionOfCapacity"}],"is_trial":false,"path_per_floor":["M","M","M","M","?","E","R","M","T","R","M","E","$","?","R","B",null,"M","$","M","?","?","E","M","R","T","R","?","$","?","M","R","B",null,"M","?","?","?","M","R","E","M","T","?","R","M","$","M","R","B",null],"character_chosen":"DEFECT","items_purchased":["Bag of Preparation","Lockon","Coolheaded","Swift Potion"],"campfire_rested":5,"item_purchase_floors":[13,13,19,47],"current_hp_per_floor":[58,58,57,51,51,32,54,50,50,50,50,50,50,50,50,16,60,60,60,56,56,56,30,18,40,40,40,46,46,46,46,70,7,76,59,59,48,48,51,79,72,72,72,60,60,50,50,54,82,51],"gold":318,"neow_bonus":"HUNDRED_GOLD","is_prod":false,"is_daily":false,"chose_seed":false,"campfire_upgraded":4,"win_rate":0,"timestamp":1678128910,"path_taken":["M","M","M","M","?","E","R","M","T","R","M","E","$","?","R","BOSS","M","$","M","?","?","E","M","R","T","R","?","$","?","M","R","BOSS","M","?","?","?","M","R","E","M","T","?","R","M","?","?","R","BOSS"],"build_version":"2022-12-18","purchased_purges":3,"victory":true,"max_hp_per_floor":[75,75,75,75,75,75,75,75,75,75,75,75,75,75,75,75,75,75,75,75,75,75,75,75,75,75,75,81,81,81,81,81,81,94,94,94,94,94,94,94,94,94,94,94,94,94,94,94,94,94],"card_choices":[{"not_picked":["Compile Driver","Redo"],"picked":"Reinforced Body","floor":1.0},{"not_picked":["Streamline","Beam Cell","Fusion"],"picked":"SKIP","floor":2.0},{"not_picked":["Chill","Go for the Eyes"],"picked":"Cold Snap","floor":3.0},{"not_picked":["Heatsinks","Barrage"],"picked":"Undo","floor":4.0},{"not_picked":["Consume","FTL"],"picked":"Glacier","floor":6.0},{"not_picked":["Reinforced Body","Chill"],"picked":"Sweeping Beam","floor":8.0},{"not_picked":["Cold Snap","Go for the Eyes"],"picked":"Echo Form","floor":11.0},{"not_picked":["Barrage","Conserve Battery"],"picked":"Rebound","floor":12.0},{"not_picked":["Electrodynamics","Hyperbeam"],"picked":"Seek","floor":16.0},{"not_picked":["Coolheaded","Cold Snap"],"picked":"Ball Lightning","floor":18.0},{"not_picked":["Storm+1","Stack","Blizzard"],"picked":"SKIP","floor":20.0},{"not_picked":["Beam Cell","Steam"],"picked":"Seek","floor":23.0},{"not_picked":["Streamline+1","Static Discharge+1"],"picked":"Turbo","floor":24.0},{"not_picked":["Coolheaded","Double Energy"],"picked":"Redo+1","floor":31.0},{"not_picked":["Hyperbeam","Meteor Strike"],"picked":"Creative AI","floor":33.0},{"not_picked":["Doom and Gloom","Chaos"],"picked":"Conserve Battery+1","floor":35.0},{"not_picked":["Go for the Eyes","Redo+1"],"picked":"Heatsinks+1","floor":37.0},{"not_picked":["Stack+1","Reinforced Body+1"],"picked":"Consume","floor":39.0},{"not_picked":["Reprogram+1","Ball Lightning","Beam Cell"],"picked":"SKIP","floor":41.0},{"not_picked":["Force Field+1","All For One","Consume"],"picked":"SKIP","floor":42.0},{"not_picked":["Go for the Eyes","Beam Cell"],"picked":"Hologram+1","floor":46.0},{"not_picked":["Blizzard","Cold Snap","Tempest"],"picked":"SKIP","floor":48}],"player_experience":666186,"relics_obtained":[{"floor":6.0,"key":"FossilizedHelix"},{"floor":9.0,"key":"Darkstone Periapt"},{"floor":12.0,"key":"Ginger"},{"floor":23.0,"key":"Lantern"},{"floor":26.0,"key":"Du-Vu Doll"},{"floor":34.0,"key":"Strawberry"},{"floor":34.0,"key":"Symbiotic Virus"},{"floor":34.0,"key":"StoneCalendar"},{"floor":36.0,"key":"Lizard Tail"},{"floor":37.0,"key":"Dead Branch"},{"floor":41.0,"key":"Emotion Chip"},{"floor":43.0,"key":"Kunai"}],"event_choices":[{"damage_healed":0.0,"max_hp_gain":0.0,"max_hp_loss":0.0,"gold_gain":0.0,"cards_transformed":["Strike_B"],"event_name":"Living Wall","player_choice":"Change","floor":5.0,"gold_loss":0.0,"damage_taken":0.0,"cards_obtained":["Sunder"]},{"cards_removed":["Strike_B"],"damage_healed":0.0,"max_hp_gain":0.0,"max_hp_loss":0.0,"gold_gain":0.0,"event_name":"The Cleric","player_choice":"Card Removal","floor":14.0,"gold_loss":50.0,"damage_taken":0.0},{"damage_healed":0.0,"max_hp_gain":0.0,"max_hp_loss":0.0,"gold_gain":0.0,"event_name":"The Library","player_choice":"Read","floor":21.0,"gold_loss":0.0,"damage_taken":0.0,"cards_obtained":["FTL"]},{"damage_healed":0.0,"max_hp_gain":0.0,"max_hp_loss":0.0,"gold_gain":0.0,"event_name":"Vampires","player_choice":"Ignored","floor":22.0,"gold_loss":0.0,"damage_taken":0.0},{"damage_healed":0.0,"max_hp_gain":0.0,"max_hp_loss":0.0,"gold_gain":0.0,"event_name":"Forgotten Altar","player_choice":"Smashed Altar","floor":28.0,"gold_loss":0.0,"damage_taken":0.0,"cards_obtained":["Decay"]},{"damage_healed":0.0,"max_hp_gain":0.0,"max_hp_loss":0.0,"gold_gain":0.0,"event_name":"The Mausoleum","player_choice":"Opened","floor":30.0,"gold_loss":0.0,"damage_taken":0.0,"relics_obtained":["Toy Ornithopter"]},{"damage_healed":0.0,"max_hp_gain":0.0,"max_hp_loss":0.0,"gold_gain":0.0,"event_name":"MindBloom","player_choice":"Fight","floor":36.0,"gold_loss":0.0,"damage_taken":0.0},{"damage_healed":0.0,"max_hp_gain":0.0,"max_hp_loss":0.0,"gold_gain":0.0,"event_name":"Mysterious Sphere","player_choice":"Fight","floor":37.0,"gold_loss":0.0,"damage_taken":0.0},{"damage_healed":0.0,"max_hp_gain":0.0,"max_hp_loss":0.0,"gold_gain":0.0,"event_name":"Tomb of Lord Red Mask","player_choice":"Ignored","floor":38.0,"gold_loss":0.0,"damage_taken":0.0},{"damage_healed":0.0,"max_hp_gain":0.0,"max_hp_loss":0.0,"gold_gain":0.0,"event_name":"Winding Halls","player_choice":"Embrace Madness","floor":44.0,"gold_loss":0.0,"damage_taken":12.0,"cards_obtained":["Madness","Madness"]}],"is_beta":false,"boss_relics":[{"not_picked":["Pandora\u0027s Box","FrozenCore"],"picked":"Inserter"},{"not_picked":["Tiny House","Coffee Dripper"],"picked":"Calling Bell"}],"items_purged_floors":[13,19,47],"is_endless":false,"potions_floor_spawned":[2,4,6,8,12,16,20,31,33,36,41,46,48],"ascension_level":11}