{"gold_per_floor":[113,113,125,135,145,145,176,190,190,190,130,142,167,177,177,177],"floor_reached":16,"playtime":1268,"items_purged":["Strike_B"],"score":213,"play_id":"71270594-2c62-41de-8110-164986a2a4bf","local_time":"20230315162529","is_ascension_mode":true,"campfire_choices":[{"data":"Zap","floor":10.0,"key":"SMITH"},{"data":"Hologram","floor":15,"key":"SMITH"}],"neow_cost":"NONE","seed_source_timestamp":770207882666300,"circlet_count":0,"master_deck":["AscendersBane","Strike_B","Strike_B","Defend_B","Defend_B","Defend_B","Defend_B","Zap+1","Dualcast","Conserve Battery","Compile Driver","Coolheaded","Steam","Capacitor","Rip and Tear","Hologram+1"],"special_seed":0,"relics":["Cracked Core","Lantern","Dream Catcher","The Courier","Pear"],"potions_floor_usage":[13],"damage_taken":[{"damage":0.0,"enemies":"Cultist","floor":1.0,"turns":3.0},{"damage":8.0,"enemies":"2 Louse","floor":3.0,"turns":2.0},{"damage":0.0,"enemies":"Jaw Worm","floor":4.0,"turns":4.0},{"damage":3.0,"enemies":"Blue Slaver","floor":5.0,"turns":3.0},{"damage":12.0,"enemies":"Lagavulin","floor":7.0,"turns":7.0},{"damage":6.0,"enemies":"Looter","floor":8.0,"turns":3.0},{"damage":14,"enemies":"Lots of Slimes","floor":12,"turns":5},{"damage":17,"enemies":"Gremlin Nob","floor":13,"turns":4},{"damage":3,"enemies":"3 Louse","floor":14,"turns":3},{"damage":21,"enemies":"Hexaghost","floor":16,"turns":11}],"seed_played":"3491809763161264235","potions_obtained":[{"floor":1.0,"key":"FocusPotion"},{"floor":4.0,"key":"FearPotion"},{"floor":5.0,"key":"Fire Potion"},{"floor":8.0,"key":"Ancient Potion"}],"is_trial":false,"path_per_floor":["M","?","M","M","M","?","E","M","T","R","$","M","E","M","R","B"],"character_chosen":"DEFECT","items_purchased":[],"campfire_rested":0,"item_purchase_floors":[],"current_hp_per_floor":[68,68,60,60,57,62,50,44,44,44,44,30,23,20,20,0],"gold":177,"neow_bonus":"RANDOM_COMMON_RELIC","is_prod":false,"is_daily":false,"chose_seed":false,"campfire_upgraded":2,"win_rate":0,"timestamp":1678922729,"path_taken":["M","?","M","M","M","?","E","M","T","R","$","M","E","M","R","BOSS"],"build_version":"2022-12-18","purchased_purges":1,"victory":false,"max_hp_per_floor":[75,75,75,75,75,80,80,80,80,80,80,80,90,90,90,90],"card_choices":[{"not_picked":["Loop","White Noise","Self Repair"],"picked":"SKIP","floor":1.0},{"not_picked":["Hello World","Turbo"],"picked":"Conserve Battery","floor":3.0},{"not_picked":["Darkness","Compile Driver","Double Energy"],"picked":"SKIP","floor":4.0},{"not_picked":["Darkness","Double Energy"],"picked":"Compile Driver","floor":4.0},{"not_picked":["Streamline","Core Surge"],"picked":"Coolheaded","floor":5.0},{"not_picked":["Blizzard","Redo","Genetic Algorithm"],"picked":"SKIP","floor":7.0},{"not_picked":["Barrage","Turbo"],"picked":"Steam","floor":8.0},{"not_picked":["Redo","Scrape"],"picked":"Capacitor","floor":12},{"not_picked":["Compile Driver","Steam"],"picked":"Rip and Tear","floor":13},{"not_picked":["Darkness","Aggregate"],"picked":"Hologram","floor":14}],"player_experience":736540,"relics_obtained":[{"floor":7.0,"key":"Dream Catcher"},{"floor":9.0,"key":"The Courier"},{"floor":13,"key":"Pear"}],"event_choices":[{"cards_removed":["Strike_B"],"damage_healed":0.0,"max_hp_gain":0.0,"max_hp_loss":0.0,"gold_gain":0.0,"event_name":"Living Wall","player_choice":"Forget","floor":2.0,"gold_loss":0.0,"damage_taken":0.0},{"damage_healed":0.0,"max_hp_gain":5.0,"max_hp_loss":0.0,"gold_gain":0.0,"event_name":"Big Fish","player_choice":"Donut","floor":6.0,"gold_loss":0.0,"damage_taken":0.0}],"is_beta":false,"boss_relics":[],"items_purged_floors":[11],"is_endless":false,"potions_floor_spawned":[1,4,5,8],"killed_by":"Hexaghost","ascension_level":13}