{"gold_per_floor":[119,132,152,152,51,82,82,82,157,192,206,206,235,255,255,354,354,374,45,80,97,196,196],"floor_reached":23,"playtime":1948,"items_purged":["Strike_B","Defend_B"],"score":338,"play_id":"f77bb59f-283d-4c36-8f09-c39268aa804b","local_time":"20230310221635","is_ascension_mode":true,"campfire_choices":[{"data":"Dualcast","floor":7.0,"key":"SMITH"},{"data":"Beam Cell","floor":12.0,"key":"SMITH"},{"floor":15.0,"key":"REST"}],"neow_cost":"NONE","seed_source_timestamp":362136684415000,"circlet_count":0,"master_deck":["AscendersBane","Strike_B","Strike_B","Defend_B","Defend_B","Defend_B","Zap+1","Dualcast+1","BootSequence","Cold Snap","Cold Snap","Streamline","Beam Cell+1","Parasite","Conserve Battery","Sunder","Glacier","Core Surge","Double Energy+1","HandOfGreed","Barrage"],"special_seed":0,"relics":["Cracked Core","Lantern","Sundial","Omamori","Peace Pipe","Inserter"],"potions_floor_usage":[16,16,23],"damage_taken":[{"damage":0.0,"enemies":"2 Louse","floor":1.0,"turns":3.0},{"damage":7.0,"enemies":"Small Slimes","floor":2.0,"turns":3.0},{"damage":5.0,"enemies":"Jaw Worm","floor":3.0,"turns":3.0},{"damage":15.0,"enemies":"Lagavulin","floor":6.0,"turns":9.0},{"damage":17.0,"enemies":"Gremlin Nob","floor":10.0,"turns":4.0},{"damage":0.0,"enemies":"Blue Slaver","floor":11.0,"turns":3.0},{"damage":13.0,"enemies":"Lagavulin","floor":13.0,"turns":8.0},{"damage":0.0,"enemies":"Large Slime","floor":14.0,"turns":4.0},{"damage":12,"enemies":"Hexaghost","floor":16,"turns":9},{"damage":8,"enemies":"3 Byrds","floor":18,"turns":9},{"damage":9,"enemies":"Spheric Guardian","floor":20,"turns":7},{"damage":32,"enemies":"Snecko","floor":21,"turns":4},{"damage":17,"enemies":"Gremlin Leader","floor":23,"turns":2}],"seed_played":"2565715317757708269","potions_obtained":[{"floor":1.0,"key":"LiquidBronze"},{"floor":10.0,"key":"FocusPotion"},{"floor":13.0,"key":"AttackPotion"},{"floor":14.0,"key":"ColorlessPotion"}],"is_trial":false,"path_per_floor":["M","M","M","?","$","E","R","?","T","E","M","R","E","M","R","B",null,"M","$","M","M","?","E"],"character_chosen":"DEFECT","items_purchased":["Streamline","HandOfGreed","FocusPotion"],"campfire_rested":1,"item_purchase_floors":[5,19,19],"current_hp_per_floor":[68,61,56,56,56,41,41,59,59,42,42,42,29,29,51,39,66,58,58,49,17,17,0],"gold":196,"neow_bonus":"TRANSFORM_CARD","is_prod":false,"is_daily":false,"chose_seed":false,"campfire_upgraded":2,"win_rate":0,"timestamp":1678515395,"path_taken":["M","M","M","?","$","E","R","?","T","E","M","R","E","M","R","BOSS","M","$","M","M","?","E"],"build_version":"2022-12-18","purchased_purges":2,"victory":false,"max_hp_per_floor":[75,75,75,75,75,75,75,75,75,75,75,75,75,75,75,75,75,75,75,75,75,75,75],"card_choices":[{"not_picked":["Reprogram","Heatsinks"],"picked":"Cold Snap","floor":1.0},{"not_picked":["Hologram","Gash","Leap"],"picked":"SKIP","floor":2.0},{"not_picked":["Conserve Battery","Leap"],"picked":"Cold Snap","floor":3.0},{"not_picked":["Force Field","Steam"],"picked":"Beam Cell","floor":6.0},{"not_picked":["Steam","Barrage"],"picked":"Conserve Battery","floor":10.0},{"not_picked":["Cold Snap","Turbo","Multi-Cast"],"picked":"SKIP","floor":11.0},{"not_picked":["Streamline","Turbo"],"picked":"Sunder","floor":13.0},{"not_picked":["Lockon","Doom and Gloom"],"picked":"Glacier","floor":14.0},{"not_picked":["Meteor Strike","Amplify"],"picked":"Core Surge","floor":16},{"not_picked":["Storm","Conserve Battery+1"],"picked":"Double Energy+1","floor":18},{"not_picked":["Conserve Battery+1","Beam Cell"],"picked":"Barrage","floor":20},{"not_picked":["Double Energy","Lockon","Scrape"],"picked":"SKIP","floor":21}],"player_experience":703764,"relics_obtained":[{"floor":6.0,"key":"Lantern"},{"floor":9.0,"key":"Sundial"},{"floor":10.0,"key":"Omamori"},{"floor":13.0,"key":"Peace Pipe"}],"event_choices":[{"damage_healed":0.0,"max_hp_gain":0.0,"max_hp_loss":0.0,"gold_gain":0.0,"event_name":"Living Wall","player_choice":"Grow","floor":4.0,"gold_loss":0.0,"damage_taken":0.0,"cards_upgraded":["Zap"]},{"damage_healed":18.0,"max_hp_gain":0.0,"max_hp_loss":0.0,"gold_gain":0.0,"event_name":"Mushrooms","player_choice":"Healed and dodged fight","floor":8.0,"gold_loss":0.0,"damage_taken":0.0,"cards_obtained":["Parasite"]},{"damage_healed":0,"gold_gain":99,"player_choice":"Stole From Cult","damage_taken":0,"max_hp_gain":0,"max_hp_loss":0,"event_name":"Nest","floor":22,"gold_loss":0}],"is_beta":false,"boss_relics":[{"not_picked":["Velvet Choker","Snecko Eye"],"picked":"Inserter"}],"items_purged_floors":[5,19],"is_endless":false,"potions_floor_spawned":[1,10,13,14],"killed_by":"Gremlin Leader","ascension_level":12}