{"gold_per_floor":[117,128,128,146,159,159,194,194,217,217,217,251,105,128,128,224,224,243,243,243,262,272,299,299,8,33,64,102,102,165,218,218,218],"floor_reached":33,"playtime":2859,"items_purged":["Defend_B","Defend_B"],"score":490,"play_id":"36548373-f7c9-42bf-9555-40c5547f3c82","local_time":"20230316142351","is_ascension_mode":true,"campfire_choices":[{"data":"Auto Shields","floor":6.0,"key":"SMITH"},{"floor":11.0,"key":"REST"},{"data":"Zap","floor":15.0,"key":"SMITH"},{"data":"Seek","floor":24.0,"key":"SMITH"},{"data":"HandOfGreed","floor":29.0,"key":"SMITH"},{"data":"Machine Learning","floor":32.0,"key":"SMITH"}],"neow_cost":"NONE","seed_source_timestamp":0,"circlet_count":0,"master_deck":["AscendersBane","Strike_B","Defend_B","Zap+1","Dualcast","Chill","Ball Lightning","Auto Shields+1","Rip and Tear","Seek+1","Rebound","FTL","Seek","Conserve Battery+1","Double Energy","Conserve Battery","Cold Snap+1","HandOfGreed+1","BootSequence","Machine Learning+1"],"special_seed":0,"relics":["Cracked Core","Dream Catcher","Nunchaku","Bloody Idol","Centennial Puzzle","Omamori","Inserter","Bronze Scales","Bag of Preparation","Unceasing Top"],"potions_floor_usage":[],"damage_taken":[{"damage":0.0,"enemies":"Jaw Worm","floor":1.0,"turns":3.0},{"damage":8.0,"enemies":"Small Slimes","floor":2.0,"turns":3.0},{"damage":4.0,"enemies":"2 Louse","floor":4.0,"turns":2.0},{"damage":6.0,"enemies":"Looter","floor":5.0,"turns":3.0},{"damage":3.0,"enemies":"Gremlin Nob","floor":7.0,"turns":3.0},{"damage":8.0,"enemies":"3 Sentries","floor":12.0,"turns":7.0},{"damage":6.0,"enemies":"Exordium Thugs","floor":14.0,"turns":4.0},{"damage":23.0,"enemies":"The Guardian","floor":16.0,"turns":12.0},{"damage":2.0,"enemies":"Chosen","floor":18.0,"turns":4.0},{"damage":5.0,"enemies":"Shell Parasite","floor":21.0,"turns":4.0},{"damage":4.0,"enemies":"Centurion and Healer","floor":22.0,"turns":9.0},{"damage":3.0,"enemies":"Slavers","floor":23.0,"turns":7.0},{"damage":22.0,"enemies":"Snake Plant","floor":27.0,"turns":3.0},{"damage":9.0,"enemies":"3 Cultists","floor":28.0,"turns":5.0},{"damage":22.0,"enemies":"Shelled Parasite and Fungi","floor":30.0,"turns":3.0},{"damage":3.0,"enemies":"Gremlin Leader","floor":31.0,"turns":9.0},{"damage":76,"enemies":"Collector","floor":33,"turns":12}],"seed_played":"-1279211132118431090","potions_obtained":[{"floor":4.0,"key":"FearPotion"},{"floor":5.0,"key":"SkillPotion"},{"floor":12.0,"key":"FocusPotion"},{"floor":16.0,"key":"Fire Potion"},{"floor":27.0,"key":"AttackPotion"},{"floor":31.0,"key":"Fruit Juice"}],"is_trial":false,"path_per_floor":["M","M","?","M","M","R","E","?","T","?","R","E","$","M","R","B",null,"M","?","?","M","M","E","R","$","T","M","M","R","M","E","R","B"],"character_chosen":"DEFECT","items_purchased":["FTL","HandOfGreed"],"campfire_rested":1,"item_purchase_floors":[13,25],"current_hp_per_floor":[68,60,53,49,43,43,40,40,40,33,53,45,45,39,39,16,56,54,54,54,54,55,57,57,57,62,50,51,51,44,56,56,0],"gold":218,"neow_bonus":"TRANSFORM_CARD","is_prod":false,"is_daily":false,"chose_seed":false,"campfire_upgraded":5,"win_rate":0,"timestamp":1679001831,"path_taken":["M","M","?","M","M","R","E","?","T","?","R","E","?","M","R","BOSS","BOSS","M","?","?","M","?","E","R","$","T","M","M","R","?","E","R","BOSS"],"build_version":"2022-12-18","purchased_purges":2,"victory":false,"max_hp_per_floor":[75,75,75,75,75,75,75,69,69,69,69,69,69,69,69,69,69,69,69,69,69,69,69,69,69,69,69,69,69,69,74,74,74],"card_choices":[{"not_picked":["Redo","Glacier"],"picked":"Ball Lightning","floor":1.0},{"not_picked":["Consume","Reinforced Body"],"picked":"Auto Shields","floor":2.0},{"not_picked":["Turbo","Streamline"],"picked":"Rip and Tear","floor":4.0},{"not_picked":["Leap","Ball Lightning"],"picked":"Seek","floor":5.0},{"not_picked":["Beam Cell","Creative AI","Scrape"],"picked":"SKIP","floor":7.0},{"not_picked":["Leap","Conserve Battery"],"picked":"Rebound","floor":11.0},{"not_picked":["Doom and Gloom","Beam Cell","Rebound"],"picked":"SKIP","floor":12.0},{"not_picked":["Lockon","Sweeping Beam","Melter"],"picked":"SKIP","floor":14.0},{"not_picked":["Fission","Multi-Cast"],"picked":"Seek","floor":16.0},{"not_picked":["Redo","Barrage"],"picked":"Conserve Battery+1","floor":18.0},{"not_picked":["Chaos","Gash","Turbo+1"],"picked":"SKIP","floor":21.0},{"not_picked":["Beam Cell","Auto Shields"],"picked":"Cold Snap+1","floor":22.0},{"not_picked":["Streamline","Conserve Battery","Recycle"],"picked":"SKIP","floor":23.0},{"not_picked":["Hello World","Fusion","Streamline"],"picked":"SKIP","floor":27.0},{"not_picked":["Static Discharge","Gash","Ball Lightning+1"],"picked":"SKIP","floor":28.0},{"not_picked":["Static Discharge","Gash","Ball Lightning+1"],"picked":"SKIP","floor":28.0},{"not_picked":["Steam Power","Stack"],"picked":"BootSequence","floor":30.0},{"not_picked":["Gash","Blizzard"],"picked":"Machine Learning","floor":31.0}],"player_experience":742355,"relics_obtained":[{"floor":7.0,"key":"Nunchaku"},{"floor":9.0,"key":"Centennial Puzzle"},{"floor":12.0,"key":"Omamori"},{"floor":23.0,"key":"Bronze Scales"},{"floor":26.0,"key":"Bag of Preparation"},{"floor":31.0,"key":"Unceasing Top"}],"event_choices":[{"damage_healed":0.0,"max_hp_gain":0.0,"max_hp_loss":0.0,"gold_gain":0.0,"event_name":"Scrap Ooze","player_choice":"Success","floor":3.0,"gold_loss":0.0,"damage_taken":7.0,"relics_obtained":["Dream Catcher"]},{"damage_healed":0.0,"max_hp_gain":0.0,"max_hp_loss":6.0,"gold_gain":0.0,"event_name":"Golden Idol","player_choice":"Lose Max HP","floor":8.0,"gold_loss":0.0,"damage_taken":0.0,"relics_obtained":["Golden Idol"]},{"cards_removed":["Strike_B"],"damage_healed":0.0,"max_hp_gain":0.0,"max_hp_loss":0.0,"gold_gain":0.0,"event_name":"Golden Wing","player_choice":"Card Removal","floor":10.0,"gold_loss":0.0,"damage_taken":7.0},{"damage_healed":0.0,"max_hp_gain":0.0,"max_hp_loss":0.0,"gold_gain":0.0,"event_name":"Forgotten Altar","player_choice":"Gave Idol","floor":19.0,"relics_lost":["Golden Idol"],"gold_loss":0.0,"damage_taken":0.0,"relics_obtained":["Bloody Idol"]},{"damage_healed":0.0,"max_hp_gain":0.0,"max_hp_loss":0.0,"gold_gain":0.0,"cards_transformed":["Strike_B","Defend_B"],"event_name":"Drug Dealer","player_choice":"Became Test Subject","floor":20.0,"gold_loss":0.0,"damage_taken":0.0,"cards_obtained":["Double Energy","Conserve Battery"]}],"is_beta":false,"boss_relics":[{"not_picked":["Ectoplasm","Runic Dome"],"picked":"Inserter"}],"items_purged_floors":[13,25],"is_endless":false,"potions_floor_spawned":[4,5,12,16,18,27,31],"killed_by":"Collector","ascension_level":13}