{"gold_per_floor":[116,66,83,99,119,119,144,144,170,182,214,58,77,105,105,179,179,195,195,211,230,249,249,261,261,310,310,235,254,254,268,268,268],"floor_reached":33,"playtime":2312,"items_purged":[],"score":447,"play_id":"107456ff-e50e-4413-9eb5-874cfff7bb1f","local_time":"20230323161154","is_ascension_mode":true,"campfire_choices":[{"data":"Zap","floor":6.0,"key":"SMITH"},{"floor":8.0,"key":"REST"},{"data":"Rainbow","floor":15.0,"key":"SMITH"},{"floor":23.0,"key":"REST"},{"floor":25.0,"key":"REST"},{"floor":27.0,"key":"REST"},{"data":"Echo Form","floor":32,"key":"SMITH"}],"neow_cost":"NONE","seed_source_timestamp":0,"circlet_count":0,"master_deck":["AscendersBane","Strike_B+1","Strike_B","Defend_B","Defend_B","Defend_B","Zap+1","Dualcast","Sweeping Beam","Conserve Battery","Cold Snap+1","Seek","Go for the Eyes","Rainbow+1","Rebound","Glacier","Machine Learning","Coolheaded","Coolheaded","Lockon+1","Ball Lightning","Steam Power","Self Repair","Echo Form+1","Double Energy"],"special_seed":0,"relics":["Cracked Core","Art of War","Ancient Tea Set","Whetstone","PreservedInsect","Boot","Philosopher\u0027s Stone","Dream Catcher"],"potions_floor_usage":[31,33],"damage_taken":[{"damage":2.0,"enemies":"Jaw Worm","floor":1.0,"turns":3.0},{"damage":0.0,"enemies":"2 Louse","floor":3.0,"turns":2.0},{"damage":0.0,"enemies":"Cultist","floor":4.0,"turns":3.0},{"damage":2.0,"enemies":"Large Slime","floor":5.0,"turns":7.0},{"damage":20.0,"enemies":"Lagavulin","floor":7.0,"turns":8.0},{"damage":1.0,"enemies":"Looter","floor":10.0,"turns":4.0},{"damage":10.0,"enemies":"3 Sentries","floor":11.0,"turns":8.0},{"damage":7.0,"enemies":"Exordium Thugs","floor":13.0,"turns":5.0},{"damage":5.0,"enemies":"Gremlin Nob","floor":14.0,"turns":4.0},{"damage":18.0,"enemies":"Hexaghost","floor":16.0,"turns":16.0},{"damage":31.0,"enemies":"3 Byrds","floor":18.0,"turns":5.0},{"damage":7.0,"enemies":"Chosen","floor":20.0,"turns":4.0},{"damage":13.0,"enemies":"Centurion and Healer","floor":21.0,"turns":10.0},{"damage":10.0,"enemies":"Snake Plant","floor":22.0,"turns":4.0},{"damage":21.0,"enemies":"Shelled Parasite and Fungi","floor":24.0,"turns":9.0},{"damage":1.0,"enemies":"Centurion and Healer","floor":29.0,"turns":8.0},{"damage":11,"enemies":"Snake Plant","floor":31,"turns":6},{"damage":60,"enemies":"Automaton","floor":33,"turns":6}],"seed_played":"-7037492634978739942","potions_obtained":[{"floor":7.0,"key":"Swift Potion"},{"floor":11.0,"key":"Swift Potion"},{"floor":13.0,"key":"Explosive Potion"},{"floor":14.0,"key":"Weak Potion"},{"floor":18.0,"key":"CultistPotion"},{"floor":20.0,"key":"Dexterity Potion"},{"floor":24.0,"key":"SkillPotion"},{"floor":31,"key":"Fire Potion"}],"is_trial":false,"path_per_floor":["M","?","M","M","M","R","E","R","T","M","E","$","M","E","R","B",null,"M","?","M","M","M","R","M","R","T","R","?","M","?","M","R","B"],"character_chosen":"DEFECT","items_purchased":["PreservedInsect"],"campfire_rested":4,"item_purchase_floors":[12],"current_hp_per_floor":[66,66,66,66,64,64,44,66,66,65,55,55,48,43,43,25,63,32,32,25,12,2,24,3,25,25,47,47,53,53,49,49,0],"gold":268,"neow_bonus":"TRANSFORM_CARD","is_prod":false,"is_daily":false,"chose_seed":false,"campfire_upgraded":3,"win_rate":0,"timestamp":1679613114,"path_taken":["M","?","M","M","M","R","E","R","T","M","E","$","M","E","R","BOSS","M","?","M","M","M","R","?","R","T","R","?","M","?","M","R","BOSS"],"build_version":"2022-12-18","purchased_purges":0,"victory":false,"max_hp_per_floor":[75,75,75,75,75,75,75,75,75,75,75,75,75,75,75,75,75,75,75,75,75,75,75,75,75,75,75,75,75,75,75,75,75],"card_choices":[{"not_picked":["Redo","Leap"],"picked":"Sweeping Beam","floor":1.0},{"not_picked":["Redo","Leap"],"picked":"Conserve Battery","floor":3.0},{"not_picked":["Reinforced Body","Streamline"],"picked":"Cold Snap","floor":4.0},{"not_picked":["Leap","Stack","Blizzard"],"picked":"SKIP","floor":5.0},{"not_picked":["Stack","Barrage"],"picked":"Seek","floor":7.0},{"not_picked":["Beam Cell","Leap"],"picked":"Go for the Eyes","floor":10.0},{"not_picked":["White Noise","Go for the Eyes"],"picked":"Rainbow","floor":11.0},{"not_picked":["Recycle","Coolheaded"],"picked":"Rebound","floor":13.0},{"not_picked":["Force Field","Capacitor"],"picked":"Glacier","floor":14.0},{"not_picked":["All For One","Rainbow"],"picked":"Machine Learning","floor":16.0},{"not_picked":["Go for the Eyes","Rebound+1"],"picked":"Coolheaded","floor":18.0},{"not_picked":["Steam","Redo"],"picked":"Coolheaded","floor":20.0},{"not_picked":["Static Discharge","Coolheaded"],"picked":"Lockon+1","floor":21.0},{"not_picked":["Darkness+1","Beam Cell"],"picked":"Ball Lightning","floor":22.0},{"not_picked":["Stack","Sweeping Beam"],"picked":"Steam Power","floor":24.0},{"not_picked":["Cold Snap","Darkness"],"picked":"Self Repair","floor":27.0},{"not_picked":["Leap","Hologram"],"picked":"Echo Form","floor":29.0},{"not_picked":["Beam Cell","Auto Shields"],"picked":"Double Energy","floor":31}],"player_experience":761670,"relics_obtained":[{"floor":7.0,"key":"Art of War"},{"floor":9.0,"key":"Ancient Tea Set"},{"floor":11.0,"key":"Whetstone"},{"floor":14.0,"key":"Boot"},{"floor":26.0,"key":"Dream Catcher"}],"event_choices":[{"cards_removed":["Scrape"],"damage_healed":0.0,"max_hp_gain":0.0,"max_hp_loss":0.0,"gold_gain":0.0,"event_name":"The Cleric","player_choice":"Card Removal","floor":2.0,"gold_loss":50.0,"damage_taken":0.0},{"cards_removed":["Defend_B"],"damage_healed":0.0,"max_hp_gain":0.0,"max_hp_loss":0.0,"gold_gain":0.0,"event_name":"Wheel of Change","player_choice":"Card Removal","floor":19.0,"gold_loss":0.0,"damage_taken":0.0},{"cards_removed":["Strike_B"],"damage_healed":0.0,"max_hp_gain":0.0,"max_hp_loss":0.0,"gold_gain":0.0,"event_name":"Beggar","player_choice":"Gave Gold","floor":28.0,"gold_loss":75.0,"damage_taken":0.0},{"damage_healed":0,"gold_gain":0,"player_choice":"Ignored","damage_taken":0,"max_hp_gain":0,"max_hp_loss":0,"event_name":"Cursed Tome","floor":30,"gold_loss":0}],"is_beta":false,"boss_relics":[{"not_picked":["Tiny House","Runic Dome"],"picked":"Philosopher\u0027s Stone"}],"items_purged_floors":[],"is_endless":false,"potions_floor_spawned":[7,11,13,14,18,20,24,31],"killed_by":"Automaton","ascension_level":13}