{"gold_per_floor":[19,19,42,60,60,60,94,94,121,46,46,90,90,123,123,216,216,231,231,231,43,68,68,68,68,122,140,171,184,184,200,200,296,296,310,334,400,400,425,425,448,488,488,488,502,543,543,583,583,583],"floor_reached":51,"playtime":4358,"items_purged":["Strike_B"],"score":1363,"play_id":"e3cbda3d-1eda-44ec-8fd1-f9ef72366d50","local_time":"20230324163743","is_ascension_mode":true,"campfire_choices":[{"data":"Dualcast","floor":6.0,"key":"SMITH"},{"data":"Beam Cell","floor":8.0,"key":"SMITH"},{"floor":11.0,"key":"REST"},{"floor":15.0,"key":"REST"},{"data":"Buffer","floor":23.0,"key":"SMITH"},{"data":"Biased Cognition","floor":30.0,"key":"SMITH"},{"data":"Recycle","floor":32.0,"key":"SMITH"},{"floor":40.0,"key":"REST"},{"data":"Seek","floor":44.0,"key":"SMITH"},{"data":"Electrodynamics","floor":47.0,"key":"SMITH"},{"data":"Steam Power","floor":49.0,"key":"SMITH"}],"neow_cost":"NO_GOLD","seed_source_timestamp":0,"circlet_count":0,"master_deck":["AscendersBane","Strike_B+1","Strike_B+1","Defend_B","Defend_B","Zap","Dualcast+1","Electrodynamics+1","Leap","Sunder","Beam Cell+1","Glacier","Cold Snap","Rebound","Buffer+1","Ghostly","Ghostly","Ghostly","Ghostly","Ghostly","Recycle+1","Steam","Conserve Battery+1","Biased Cognition+1","Ball Lightning","Machine Learning","Compile Driver","Steam Power+1","Biased Cognition+1","Self Repair+1","Tempest","Seek+1","Consume","Capacitor","Cold Snap+1"],"special_seed":0,"relics":["Cracked Core","Golden Idol","Lantern","Centennial Puzzle","Sundial","Strawberry","Empty Cage","OrangePellets","Question Card","Vajra","HornCleat","Nuclear Battery","Girya","Pen Nib","Molten Egg 2","Eternal Feather","TungstenRod"],"potions_floor_usage":[50],"damage_taken":[{"damage":6.0,"enemies":"2 Louse","floor":1.0,"turns":2.0},{"damage":0.0,"enemies":"Small Slimes","floor":3.0,"turns":2.0},{"damage":9.0,"enemies":"Jaw Worm","floor":4.0,"turns":3.0},{"damage":6.0,"enemies":"3 Sentries","floor":7.0,"turns":5.0},{"damage":19.0,"enemies":"Lagavulin","floor":12.0,"turns":7.0},{"damage":21.0,"enemies":"Gremlin Nob","floor":14.0,"turns":5.0},{"damage":11.0,"enemies":"The Guardian","floor":16.0,"turns":15.0},{"damage":19.0,"enemies":"2 Thieves","floor":18.0,"turns":4.0},{"damage":4.0,"enemies":"Chosen","floor":22.0,"turns":6.0},{"damage":0.0,"enemies":"Snecko","floor":27.0,"turns":6.0},{"damage":0.0,"enemies":"Gremlin Leader","floor":28.0,"turns":9.0},{"damage":0.0,"enemies":"Centurion and Healer","floor":29.0,"turns":8.0},{"damage":0.0,"enemies":"3 Cultists","floor":31.0,"turns":5.0},{"damage":0.0,"enemies":"Automaton","floor":33.0,"turns":10.0},{"damage":0.0,"enemies":"Orb Walker","floor":35.0,"turns":2.0},{"damage":0.0,"enemies":"3 Darklings","floor":36.0,"turns":6.0},{"damage":21.0,"enemies":"2 Orb Walkers","floor":37.0,"turns":7.0},{"damage":0.0,"enemies":"Transient","floor":39.0,"turns":5.0},{"damage":3.0,"enemies":"4 Shapes","floor":41.0,"turns":6.0},{"damage":18.0,"enemies":"Giant Head","floor":42.0,"turns":10.0},{"damage":0.0,"enemies":"Writhing Mass","floor":45.0,"turns":5.0},{"damage":9.0,"enemies":"Reptomancer","floor":46.0,"turns":6.0},{"damage":1.0,"enemies":"Nemesis","floor":48.0,"turns":7.0},{"damage":19,"enemies":"Donu and Deca","floor":50,"turns":11}],"seed_played":"-6922771487651490969","potions_obtained":[{"floor":1.0,"key":"DuplicationPotion"},{"floor":4.0,"key":"LiquidBronze"},{"floor":14.0,"key":"Fire Potion"},{"floor":22.0,"key":"AttackPotion"},{"floor":29.0,"key":"SkillPotion"},{"floor":33.0,"key":"FearPotion"},{"floor":35.0,"key":"Fire Potion"},{"floor":39.0,"key":"FearPotion"},{"floor":41.0,"key":"ColorlessPotion"},{"floor":42.0,"key":"Explosive Potion"},{"floor":46.0,"key":"LiquidMemories"},{"floor":48.0,"key":"Strength Potion"}],"is_trial":false,"path_per_floor":["M","?","M","M","?","R","E","R","T","$","R","E","?","E","R","B",null,"M","?","?","$","M","R","?","T","T","M","E","M","R","M","R","B",null,"M","M","?","?","M","R","M","E","T","R","M","E","R","E","R","B",null],"character_chosen":"DEFECT","items_purchased":["Recycle","OrangePellets"],"campfire_rested":3,"item_purchase_floors":[21,21],"current_hp_per_floor":[62,62,62,53,39,39,33,33,33,33,53,34,34,20,42,31,65,46,38,38,38,34,34,34,34,34,34,34,34,34,34,34,34,37,37,37,16,16,16,27,34,26,26,26,36,37,38,37,38,29],"gold":583,"neow_bonus":"THREE_RARE_CARDS","is_prod":false,"is_daily":false,"chose_seed":false,"campfire_upgraded":8,"win_rate":0,"timestamp":1679701063,"path_taken":["M","?","M","M","?","R","E","R","T","?","R","E","?","E","R","BOSS","M","?","?","$","M","R","?","?","T","M","E","M","R","M","R","BOSS","M","M","?","?","M","R","?","E","T","R","M","E","R","E","R","BOSS"],"build_version":"2022-12-18","purchased_purges":1,"victory":true,"max_hp_per_floor":[75,69,69,69,69,69,69,69,69,69,69,69,69,76,76,76,76,76,38,38,38,38,38,38,38,38,38,38,38,38,38,38,38,38,38,38,38,38,38,38,38,38,38,38,38,38,38,38,38,38],"card_choices":[{"not_picked":["Buffer","Meteor Strike"],"picked":"Electrodynamics","floor":0.0},{"not_picked":["Chaos","Darkness"],"picked":"Leap","floor":1.0},{"not_picked":["Stack","Gash"],"picked":"Sunder","floor":3.0},{"not_picked":["Leap","Rebound"],"picked":"Beam Cell","floor":4.0},{"not_picked":["Redo","Static Discharge"],"picked":"Glacier","floor":7.0},{"not_picked":["Thunder Strike","Auto Shields"],"picked":"Cold Snap","floor":12.0},{"not_picked":["Redo","Gash"],"picked":"Rebound","floor":14.0},{"not_picked":["All For One","Core Surge"],"picked":"Buffer","floor":16.0},{"not_picked":["Fusion","Stack","Reprogram"],"picked":"SKIP","floor":18.0},{"not_picked":["Fusion","Stack","Reprogram"],"picked":"SKIP","floor":18.0},{"not_picked":["Streamline","Cold Snap"],"picked":"Steam","floor":22.0},{"not_picked":["White Noise","Rebound+1","Barrage"],"picked":"Conserve Battery+1","floor":27.0},{"not_picked":["Genetic Algorithm","Leap","Streamline"],"picked":"Biased Cognition","floor":28.0},{"not_picked":["Leap+1","Darkness","Sweeping Beam"],"picked":"Ball Lightning","floor":29.0},{"not_picked":["Static Discharge","Conserve Battery","Streamline","Reprogram"],"picked":"SKIP","floor":31.0},{"not_picked":["Multi-Cast","Fission","Hyperbeam"],"picked":"Machine Learning","floor":33.0},{"not_picked":["Double Energy+1","Conserve Battery","Cold Snap+1"],"picked":"Compile Driver","floor":35.0},{"not_picked":["Rebound","Barrage","Force Field"],"picked":"Steam Power","floor":36.0},{"not_picked":["Gash","Cold Snap","Reinforced Body+1"],"picked":"Self Repair+1","floor":39.0},{"not_picked":["Turbo","Stack","Sunder+1"],"picked":"Tempest","floor":41.0},{"not_picked":["Turbo","Redo","Machine Learning"],"picked":"Seek","floor":42.0},{"not_picked":["Stack","Leap","Beam Cell+1"],"picked":"Consume","floor":45.0},{"not_picked":["Streamline+1","Tempest","Ball Lightning+1"],"picked":"Capacitor","floor":46.0},{"not_picked":["Rainbow","Streamline+1","Stack+1"],"picked":"Cold Snap+1","floor":48.0}],"player_experience":763982,"relics_obtained":[{"floor":7.0,"key":"Lantern"},{"floor":9.0,"key":"Centennial Puzzle"},{"floor":12.0,"key":"Sundial"},{"floor":14.0,"key":"Strawberry"},{"floor":25.0,"key":"Question Card"},{"floor":26.0,"key":"Vajra"},{"floor":28.0,"key":"HornCleat"},{"floor":37.0,"key":"Girya"},{"floor":42.0,"key":"Pen Nib"},{"floor":43.0,"key":"Molten Egg 2"},{"floor":46.0,"key":"Eternal Feather"},{"floor":48.0,"key":"TungstenRod"}],"event_choices":[{"damage_healed":0.0,"max_hp_gain":0.0,"max_hp_loss":6.0,"gold_gain":0.0,"event_name":"Golden Idol","player_choice":"Lose Max HP","floor":2.0,"gold_loss":0.0,"damage_taken":0.0,"relics_obtained":["Golden Idol"]},{"damage_healed":0.0,"max_hp_gain":0.0,"max_hp_loss":0.0,"gold_gain":0.0,"event_name":"Shining Light","player_choice":"Entered Light","floor":5.0,"gold_loss":0.0,"damage_taken":14.0,"cards_upgraded":["Strike_B","Strike_B"]},{"damage_healed":0.0,"max_hp_gain":0.0,"max_hp_loss":0.0,"gold_gain":0.0,"event_name":"Liars Game","player_choice":"Ignored","floor":13.0,"gold_loss":0.0,"damage_taken":0.0},{"damage_healed":0.0,"max_hp_gain":0.0,"max_hp_loss":38.0,"gold_gain":0.0,"event_name":"Ghosts","player_choice":"Became a Ghost","floor":19.0,"gold_loss":0.0,"damage_taken":0.0,"cards_obtained":["Ghostly","Ghostly","Ghostly","Ghostly","Ghostly"]},{"damage_healed":0.0,"max_hp_gain":0.0,"max_hp_loss":0.0,"gold_gain":0.0,"event_name":"Vampires","player_choice":"Ignored","floor":20.0,"gold_loss":0.0,"damage_taken":0.0},{"cards_removed":["Defend_B"],"damage_healed":0.0,"max_hp_gain":0.0,"max_hp_loss":0.0,"gold_gain":0.0,"event_name":"Back to Basics","player_choice":"Elegance","floor":24.0,"gold_loss":0.0,"damage_taken":0.0},{"damage_healed":0.0,"max_hp_gain":0.0,"max_hp_loss":0.0,"gold_gain":0.0,"event_name":"Mysterious Sphere","player_choice":"Fight","floor":37.0,"gold_loss":0.0,"damage_taken":0.0},{"damage_healed":0.0,"max_hp_gain":0.0,"max_hp_loss":0.0,"gold_gain":0.0,"event_name":"Duplicator","player_choice":"Copied","floor":38.0,"gold_loss":0.0,"damage_taken":0.0,"cards_obtained":["Biased Cognition"]}],"is_beta":false,"boss_relics":[{"not_picked":["Runic Dome","Tiny House"],"picked":"Empty Cage"},{"not_picked":["Snecko Eye","Fusion Hammer"],"picked":"Nuclear Battery"}],"items_purged_floors":[10],"is_endless":false,"potions_floor_spawned":[1,4,14,22,29,33,35,39,41,42,46,48],"ascension_level":13}