{"gold_per_floor":[116,136,136,136,136,136,136,9,9,28,43,55,90,90,90,165,165,182,192,107,125,142,192,192,209,209,235,248,248,277,294,294,370,370,383,383,403,428,440,440,440],"floor_reached":41,"playtime":3191,"items_purged":["Defend_B"],"score":761,"play_id":"a3c4d993-d48e-4d00-b4f4-db1609a7ed1c","local_time":"20230426124255","is_ascension_mode":true,"campfire_choices":[{"floor":6.0,"key":"REST"},{"floor":15.0,"key":"REST"},{"data":"Hologram","floor":24.0,"key":"SMITH"},{"floor":29.0,"key":"REST"},{"floor":32.0,"key":"REST"},{"data":"Fission","floor":40.0,"key":"SMITH"}],"neow_cost":"TEN_PERCENT_HP_LOSS","seed_source_timestamp":0,"circlet_count":0,"master_deck":["AscendersBane","Strike_B","Strike_B+1","Defend_B","Defend_B","Defend_B","Zap+1","Dualcast","Rip and Tear","Scrape","Reinforced Body","Streamline","Doom and Gloom","Hologram+1","Steam","Go for the Eyes","Seek","Genetic Algorithm+1","White Noise+1","Turbo","Chill","Fission+1","Go for the Eyes","Coolheaded","Hologram","FTL+1","Meteor Strike","Compile Driver","Redo+1"],"special_seed":0,"relics":["Cracked Core","Calipers","Boot","Vajra","Juzu Bracelet","Mango","Runic Pyramid","Blue Candle","Dead Branch","Dream Catcher","Omamori","Black Star","Torii"],"potions_floor_usage":[41],"damage_taken":[{"damage":2.0,"enemies":"Jaw Worm","floor":1.0,"turns":3.0},{"damage":12.0,"enemies":"2 Louse","floor":2.0,"turns":3.0},{"damage":1.0,"enemies":"Small Slimes","floor":10.0,"turns":3.0},{"damage":6.0,"enemies":"3 Louse","floor":11.0,"turns":2.0},{"damage":11.0,"enemies":"Looter","floor":12.0,"turns":2.0},{"damage":19.0,"enemies":"Lagavulin","floor":13.0,"turns":5.0},{"damage":2.0,"enemies":"Slime Boss","floor":16.0,"turns":6.0},{"damage":7.0,"enemies":"Chosen","floor":18.0,"turns":4.0},{"damage":7.0,"enemies":"Spheric Guardian","floor":19.0,"turns":5.0},{"damage":13.0,"enemies":"Cultist and Chosen","floor":21.0,"turns":8.0},{"damage":12.0,"enemies":"Snake Plant","floor":22.0,"turns":4.0},{"damage":6.0,"enemies":"3 Cultists","floor":25.0,"turns":4.0},{"damage":8.0,"enemies":"Book of Stabbing","floor":27.0,"turns":7.0},{"damage":0.0,"enemies":"Sentry and Sphere","floor":28.0,"turns":4.0},{"damage":21.0,"enemies":"Slavers","floor":30.0,"turns":4.0},{"damage":0.0,"enemies":"Centurion and Healer","floor":31.0,"turns":7.0},{"damage":31.0,"enemies":"Champ","floor":33.0,"turns":11.0},{"damage":6.0,"enemies":"3 Darklings","floor":35.0,"turns":4.0},{"damage":2.0,"enemies":"Orb Walker","floor":37.0,"turns":4.0},{"damage":0.0,"enemies":"Mind Bloom Boss Battle","floor":38.0,"turns":6.0},{"damage":0.0,"enemies":"Jaw Worm Horde","floor":39.0,"turns":5.0},{"damage":55,"enemies":"Giant Head","floor":41,"turns":8}],"seed_played":"-5601560935785596543","potions_obtained":[{"floor":1.0,"key":"EntropicBrew"},{"floor":10.0,"key":"EssenceOfDarkness"},{"floor":19.0,"key":"DuplicationPotion"},{"floor":22.0,"key":"DuplicationPotion"},{"floor":27.0,"key":"LiquidBronze"},{"floor":33.0,"key":"DuplicationPotion"},{"floor":37.0,"key":"Weak Potion"},{"floor":39.0,"key":"EssenceOfSteel"}],"is_trial":false,"path_per_floor":["M","M","?","?","?","R","?","$","T","M","M","M","E","?","R","B",null,"M","M","?","M","M","?","R","M","T","E","M","R","E","M","R","B",null,"M","?","M","?","M","R","E"],"character_chosen":"DEFECT","items_purchased":["Streamline"],"campfire_rested":4,"item_purchase_floors":[8],"current_hp_per_floor":[62,50,31,31,26,45,45,45,45,44,38,27,8,22,45,43,69,62,55,55,42,30,30,30,24,24,16,16,39,18,18,41,10,61,55,55,53,53,53,53,0],"gold":440,"neow_bonus":"ONE_RARE_RELIC","is_prod":false,"is_daily":false,"chose_seed":false,"campfire_upgraded":2,"win_rate":0,"timestamp":1682538175,"path_taken":["M","M","?","?","?","R","?","$","T","M","M","M","E","?","R","BOSS","M","M","?","M","M","?","R","M","T","E","M","R","E","M","R","BOSS","M","?","M","?","M","R","E"],"build_version":"2022-12-18","purchased_purges":1,"victory":false,"max_hp_per_floor":[64,64,64,64,64,64,64,64,64,64,64,64,64,78,78,78,78,78,78,78,78,78,78,78,78,78,78,78,78,78,78,78,78,78,78,78,78,78,78,78,78],"card_choices":[{"not_picked":["Capacitor","Auto Shields"],"picked":"Rip and Tear","floor":1.0},{"not_picked":["Rip and Tear","Compile Driver","Barrage"],"picked":"SKIP","floor":2.0},{"not_picked":["Storm","Beam Cell"],"picked":"Doom and Gloom","floor":10.0},{"not_picked":["Stack","Barrage"],"picked":"Hologram","floor":11.0},{"not_picked":["Skim","Sweeping Beam"],"picked":"Steam","floor":12.0},{"not_picked":["Glacier","Steam"],"picked":"Go for the Eyes","floor":13.0},{"not_picked":["Core Surge","Buffer"],"picked":"Seek","floor":16.0},{"not_picked":["Scrape","Chill+1"],"picked":"Genetic Algorithm+1","floor":18.0},{"not_picked":["Steam","Leap+1"],"picked":"White Noise+1","floor":19.0},{"not_picked":["Rebound","Conserve Battery"],"picked":"Turbo","floor":21.0},{"not_picked":["Leap","Heatsinks+1"],"picked":"Chill","floor":22.0},{"not_picked":["Lockon+1","Turbo","Fission"],"picked":"SKIP","floor":25.0},{"not_picked":["Lockon+1","Turbo"],"picked":"Fission","floor":25.0},{"not_picked":["Leap+1","Melter"],"picked":"Go for the Eyes","floor":27.0},{"not_picked":["Cold Snap","Turbo","Force Field"],"picked":"SKIP","floor":28.0},{"not_picked":["Reprogram","Redo"],"picked":"Coolheaded","floor":29.0},{"not_picked":["Cold Snap","Conserve Battery"],"picked":"Hologram","floor":30.0},{"not_picked":["Barrage","Sunder"],"picked":"FTL+1","floor":31.0},{"not_picked":["Hyperbeam","Creative AI"],"picked":"Meteor Strike","floor":33.0},{"not_picked":["Compile Driver+1","Beam Cell"],"picked":"Gash+1","floor":35.0},{"not_picked":["Rebound","Steam Power"],"picked":"Compile Driver","floor":37.0},{"not_picked":["Gash+1","Conserve Battery+1"],"picked":"Redo+1","floor":38.0},{"not_picked":["Rebound+1","Sweeping Beam","Lockon"],"picked":"SKIP","floor":39.0}],"player_experience":807682,"relics_obtained":[{"floor":9.0,"key":"Vajra"},{"floor":13.0,"key":"Juzu Bracelet"},{"floor":26.0,"key":"Dead Branch"},{"floor":27.0,"key":"Dream Catcher"},{"floor":30.0,"key":"Omamori"},{"floor":38.0,"key":"Torii"}],"event_choices":[{"damage_healed":0.0,"max_hp_gain":0.0,"max_hp_loss":0.0,"gold_gain":0.0,"event_name":"Shining Light","player_choice":"Entered Light","floor":3.0,"gold_loss":0.0,"damage_taken":19.0,"cards_upgraded":["Strike_B","Zap"]},{"damage_healed":0.0,"max_hp_gain":0.0,"max_hp_loss":0.0,"gold_gain":0.0,"cards_transformed":["Strike_B"],"event_name":"Living Wall","player_choice":"Change","floor":4.0,"gold_loss":0.0,"damage_taken":0.0,"cards_obtained":["Scrape"]},{"damage_healed":0.0,"max_hp_gain":0.0,"max_hp_loss":0.0,"gold_gain":0.0,"event_name":"Scrap Ooze","player_choice":"Success","floor":5.0,"gold_loss":0.0,"damage_taken":5.0,"relics_obtained":["Boot"]},{"damage_healed":0.0,"max_hp_gain":0.0,"max_hp_loss":0.0,"gold_gain":0.0,"cards_transformed":["Strike_B"],"event_name":"Transmorgrifier","player_choice":"Transformed","floor":7.0,"gold_loss":0.0,"damage_taken":0.0,"cards_obtained":["Reinforced Body"]},{"damage_healed":0.0,"max_hp_gain":0.0,"max_hp_loss":0.0,"gold_gain":0.0,"event_name":"Dead Adventurer","player_choice":"Searched \u00271\u0027 times","floor":14.0,"gold_loss":0.0,"damage_taken":0.0,"relics_obtained":["Mango"]},{"damage_healed":0.0,"max_hp_gain":0.0,"max_hp_loss":0.0,"gold_gain":0.0,"event_name":"Addict","player_choice":"Obtained Relic","floor":20.0,"gold_loss":85.0,"damage_taken":0.0,"relics_obtained":["Blue Candle"]},{"damage_healed":0.0,"max_hp_gain":0.0,"max_hp_loss":0.0,"gold_gain":50.0,"event_name":"Nest","player_choice":"Stole From Cult","floor":23.0,"gold_loss":0.0,"damage_taken":0.0},{"cards_removed":["Gash"],"damage_healed":0.0,"max_hp_gain":0.0,"max_hp_loss":0.0,"gold_gain":0.0,"event_name":"Falling","player_choice":"Removed Attack","floor":36.0,"gold_loss":0.0,"damage_taken":0.0},{"damage_healed":0.0,"max_hp_gain":0.0,"max_hp_loss":0.0,"gold_gain":0.0,"event_name":"MindBloom","player_choice":"Fight","floor":38.0,"gold_loss":0.0,"damage_taken":0.0}],"is_beta":false,"boss_relics":[{"not_picked":["Ectoplasm","Nuclear Battery"],"picked":"Runic Pyramid"},{"not_picked":["Philosopher\u0027s Stone","Snecko Eye"],"picked":"Black Star"}],"items_purged_floors":[8],"is_endless":false,"potions_floor_spawned":[1,10,12,19,22,27,33,37,39],"killed_by":"Giant Head","ascension_level":15}