{"gold_per_floor":[118,128,145,145,165,183,183,202,202,230,104,104,122,142,142,218,218,233,233,251,166,185,185,213,223,223,223,239,239,239,259,259,336,336,356,371,383,429,429,429,456,456,480,512,557,571,80,95,95,95],"floor_reached":51,"playtime":5014,"items_purged":["Defend_B","Thunder Strike"],"score":1192,"play_id":"77a1bdbd-9d1a-4905-b511-9b4a397209d5","local_time":"20230503135848","is_ascension_mode":true,"campfire_choices":[{"data":"Beam Cell","floor":7.0,"key":"SMITH"},{"data":"Hologram","floor":12.0,"key":"SMITH"},{"data":"Biased Cognition","floor":15.0,"key":"SMITH"},{"floor":23.0,"key":"REST"},{"floor":27.0,"key":"REST"},{"data":"Coolheaded","floor":30.0,"key":"SMITH"},{"data":"Blizzard","floor":32.0,"key":"SMITH"},{"floor":40,"key":"REST"},{"data":"Fission","floor":42,"key":"SMITH"},{"data":"Seek","floor":49,"key":"SMITH"}],"neow_cost":"TEN_PERCENT_HP_LOSS","seed_source_timestamp":0,"circlet_count":0,"master_deck":["AscendersBane","Zap+1","Dualcast","Core Surge","BootSequence","Beam Cell+1","Coolheaded+1","Ball Lightning","Biased Cognition+1","Hologram+1","Seek+1","Meteor Strike","Blizzard+1","Auto Shields","Biased Cognition","Steam","Reinforced Body","Go for the Eyes","Chill","Double Energy","Hologram+1","Coolheaded","Compile Driver","Fission+1","Recycle","Cold Snap+1","Loop+1","Glacier","White Noise","Reboot","Steam Power"],"special_seed":0,"relics":["Cracked Core","Centennial Puzzle","Odd Mushroom","Pandora\u0027s Box","Gremlin Horn","Kunai","Pantograph","CultistMask","SlaversCollar","Thread and Needle","Mummified Hand","Happy Flower","Vajra","MealTicket","Orrery","Ornamental Fan"],"potions_floor_usage":[38],"damage_taken":[{"damage":0.0,"enemies":"Small Slimes","floor":1.0,"turns":3.0},{"damage":0.0,"enemies":"Cultist","floor":2.0,"turns":3.0},{"damage":2.0,"enemies":"2 Louse","floor":3.0,"turns":2.0},{"damage":5.0,"enemies":"2 Fungi Beasts","floor":5.0,"turns":3.0},{"damage":9.0,"enemies":"Large Slime","floor":6.0,"turns":5.0},{"damage":11.0,"enemies":"Gremlin Gang","floor":8.0,"turns":4.0},{"damage":4.0,"enemies":"Gremlin Nob","floor":10.0,"turns":3.0},{"damage":1.0,"enemies":"Looter","floor":13.0,"turns":3.0},{"damage":1.0,"enemies":"The Mushroom Lair","floor":14.0,"turns":3.0},{"damage":12.0,"enemies":"Slime Boss","floor":16.0,"turns":10.0},{"damage":2.0,"enemies":"2 Thieves","floor":18.0,"turns":5.0},{"damage":2.0,"enemies":"3 Byrds","floor":20.0,"turns":3.0},{"damage":0.0,"enemies":"Centurion and Healer","floor":22.0,"turns":7.0},{"damage":19.0,"enemies":"Slavers","floor":24.0,"turns":8.0},{"damage":7.0,"enemies":"Shelled Parasite and Fungi","floor":25.0,"turns":6.0},{"damage":5.0,"enemies":"Snake Plant","floor":28.0,"turns":4.0},{"damage":0.0,"enemies":"Sentry and Sphere","floor":31.0,"turns":6.0},{"damage":8.0,"enemies":"Automaton","floor":33.0,"turns":11.0},{"damage":13.0,"enemies":"3 Darklings","floor":35.0,"turns":5.0},{"damage":0.0,"enemies":"3 Shapes","floor":36.0,"turns":8.0},{"damage":6,"enemies":"3 Darklings","floor":37,"turns":5},{"damage":15,"enemies":"2 Orb Walkers","floor":38,"turns":5},{"damage":10,"enemies":"Reptomancer","floor":41,"turns":8},{"damage":2,"enemies":"Nemesis","floor":44,"turns":9},{"damage":0,"enemies":"Transient","floor":46,"turns":5},{"damage":4,"enemies":"Jaw Worm Horde","floor":48,"turns":4},{"damage":6,"enemies":"Awakened One","floor":50,"turns":12}],"seed_played":"208336307746055292","potions_obtained":[{"floor":1.0,"key":"Fire Potion"},{"floor":2.0,"key":"FearPotion"},{"floor":10.0,"key":"GamblersBrew"},{"floor":22.0,"key":"Weak Potion"},{"floor":28.0,"key":"Strength Potion"},{"floor":33.0,"key":"DistilledChaos"},{"floor":36,"key":"EssenceOfDarkness"},{"floor":37,"key":"Swift Potion"},{"floor":38,"key":"Fire Potion"}],"is_trial":false,"path_per_floor":["M","M","M","?","M","M","R","M","T","E","$","R","M","?","R","B",null,"M","?","M","?","M","R","E","M","T","R","M","?","R","M","R","B",null,"M","M","M","?","?","R","E","R","T","E","T","M","$","M","R","B",null],"character_chosen":"DEFECT","items_purchased":["Hologram","Orrery","Ornamental Fan"],"campfire_rested":3,"item_purchase_floors":[11,47,47],"current_hp_per_floor":[64,64,62,62,57,48,48,37,37,33,33,33,32,31,31,19,53,51,34,32,32,32,52,33,26,26,46,41,41,41,41,41,58,66,53,53,47,32,32,52,42,42,42,40,40,40,55,51,51,63],"gold":95,"neow_bonus":"THREE_RARE_CARDS","is_prod":false,"is_daily":false,"chose_seed":false,"campfire_upgraded":7,"win_rate":0,"timestamp":1683147528,"path_taken":["M","M","M","?","M","M","R","M","T","E","?","R","M","?","R","BOSS","M","?","M","?","M","R","E","M","T","R","M","?","R","M","R","BOSS","M","M","?","?","?","R","E","R","T","E","?","?","$","M","R","BOSS"],"build_version":"2022-12-18","purchased_purges":2,"victory":true,"max_hp_per_floor":[64,64,64,64,64,64,64,64,64,64,64,64,64,64,64,64,64,64,69,69,69,69,69,69,69,69,69,69,69,69,69,69,69,69,69,69,69,69,69,69,69,69,69,69,69,69,69,69,69,69],"card_choices":[{"not_picked":["Thunder Strike","Meteor Strike"],"picked":"Core Surge","floor":0.0},{"not_picked":["Storm","Sweeping Beam"],"picked":"BootSequence","floor":1.0},{"not_picked":["Stack","Force Field","Compile Driver"],"picked":"SKIP","floor":2.0},{"not_picked":["Go for the Eyes","Stack"],"picked":"Beam Cell","floor":3.0},{"not_picked":["Compile Driver","Hyperbeam"],"picked":"Cold Snap","floor":5.0},{"not_picked":["Beam Cell","Stack"],"picked":"Coolheaded","floor":6.0},{"not_picked":["Streamline","Compile Driver"],"picked":"Ball Lightning","floor":8.0},{"not_picked":["Barrage","Lockon"],"picked":"Biased Cognition","floor":10.0},{"not_picked":["Beam Cell","Fusion","Static Discharge"],"picked":"SKIP","floor":13.0},{"not_picked":["Thunder Strike","Buffer"],"picked":"Seek","floor":16.0},{"not_picked":["Undo","Sweeping Beam"],"picked":"Go for the Eyes","floor":18.0},{"not_picked":["Defragment","Hologram"],"picked":"Chill","floor":20.0},{"not_picked":["Sweeping Beam","Conserve Battery+1"],"picked":"Double Energy","floor":22.0},{"not_picked":["Conserve Battery","Blizzard+1"],"picked":"Hologram+1","floor":24.0},{"not_picked":["Rebound","Undo"],"picked":"Coolheaded","floor":25.0},{"not_picked":["Auto Shields","Self Repair"],"picked":"Compile Driver","floor":28.0},{"not_picked":["Streamline+1","Gash","Stack"],"picked":"SKIP","floor":31.0},{"not_picked":["All For One","Buffer"],"picked":"Fission","floor":33.0},{"not_picked":["Leap+1","Fusion+1"],"picked":"Recycle","floor":35.0},{"not_picked":["Redo","Compile Driver+1","Genetic Algorithm"],"picked":"SKIP","floor":36},{"not_picked":["Coolheaded","Stack+1","Rebound"],"picked":"SKIP","floor":37},{"not_picked":["Reboot","Stack","Hello World+1"],"picked":"SKIP","floor":41},{"not_picked":["Go for the Eyes","Stack"],"picked":"Cold Snap+1","floor":44},{"not_picked":["Gash+1","Go for the Eyes+1"],"picked":"Loop+1","floor":46},{"not_picked":["Beam Cell","BootSequence"],"picked":"Glacier","floor":47},{"not_picked":["Hologram","Gash"],"picked":"White Noise","floor":47},{"not_picked":["Rebound+1","Go for the Eyes+1"],"picked":"Reboot","floor":47},{"not_picked":["Ball Lightning","Stack+1"],"picked":"Steam Power","floor":48}],"player_experience":815609,"relics_obtained":[{"floor":10.0,"key":"Centennial Puzzle"},{"floor":14.0,"key":"Odd Mushroom"},{"floor":24.0,"key":"Kunai"},{"floor":26.0,"key":"Pantograph"},{"floor":38,"key":"Thread and Needle"},{"floor":41,"key":"Mummified Hand"},{"floor":43,"key":"Happy Flower"},{"floor":44,"key":"Vajra"},{"floor":45,"key":"MealTicket"}],"event_choices":[{"damage_healed":0.0,"max_hp_gain":0.0,"max_hp_loss":0.0,"gold_gain":0.0,"event_name":"Upgrade Shrine","player_choice":"Upgraded","floor":4.0,"gold_loss":0.0,"damage_taken":0.0,"cards_upgraded":["Zap"]},{"damage_healed":0.0,"max_hp_gain":0.0,"max_hp_loss":0.0,"gold_gain":0.0,"event_name":"Mushrooms","player_choice":"Fought Mushrooms","floor":14.0,"gold_loss":0.0,"damage_taken":0.0},{"damage_healed":0.0,"max_hp_gain":5.0,"max_hp_loss":0.0,"gold_gain":0.0,"event_name":"Forgotten Altar","player_choice":"Shed Blood","floor":19.0,"gold_loss":0.0,"damage_taken":22.0},{"damage_healed":0.0,"max_hp_gain":0.0,"max_hp_loss":0.0,"gold_gain":0.0,"event_name":"Addict","player_choice":"Obtained Relic","floor":21.0,"gold_loss":85.0,"damage_taken":0.0,"relics_obtained":["Gremlin Horn"]},{"damage_healed":0.0,"max_hp_gain":0.0,"max_hp_loss":0.0,"gold_gain":0.0,"event_name":"FaceTrader","player_choice":"Trade","floor":29.0,"gold_loss":0.0,"damage_taken":0.0,"relics_obtained":["CultistMask"]},{"damage_healed":0,"gold_gain":0,"player_choice":"Fight","damage_taken":0,"max_hp_gain":0,"max_hp_loss":0,"event_name":"Mysterious Sphere","floor":38,"gold_loss":0},{"cards_removed":["Cold Snap"],"damage_healed":0,"gold_gain":0,"player_choice":"Removed Attack","damage_taken":0,"max_hp_gain":0,"max_hp_loss":0,"event_name":"Falling","floor":39,"gold_loss":0}],"is_beta":false,"boss_relics":[{"not_picked":["SacredBark","Nuclear Battery"],"picked":"Pandora\u0027s Box"},{"not_picked":["Cursed Key","Fusion Hammer"],"picked":"SlaversCollar"}],"items_purged_floors":[11,47],"is_endless":false,"potions_floor_spawned":[1,2,10,16,18,22,28,33,36,37,38],"ascension_level":15}