{"gold_per_floor":[116,41,41,41,41,41,58,83,131,33,50,82,95,110,110,187,187,205,225,237,237,252,252,279,353,380,408,408,408,408,54,54,131,131,150,150,170,170,190,218,113,113,188,4,4,30,30,101,101,101],"floor_reached":51,"playtime":5220,"items_purged":["Strike_B","Reprogram","Conserve Battery"],"score":1438,"play_id":"034122d4-d22e-43a6-b48e-55a8f2a37cbf","local_time":"20230728123933","is_ascension_mode":true,"campfire_choices":[{"data":"Dualcast","floor":6.0,"key":"SMITH"},{"data":"Hologram","floor":15.0,"key":"SMITH"},{"floor":23.0,"key":"REST"},{"data":"Recycle","floor":28.0,"key":"SMITH"},{"data":"Creative AI","floor":30.0,"key":"SMITH"},{"data":"Fission","floor":32.0,"key":"SMITH"},{"data":"Echo Form","floor":42,"key":"SMITH"},{"data":"Biased Cognition","floor":49,"key":"SMITH"}],"neow_cost":"NONE","seed_source_timestamp":0,"circlet_count":0,"master_deck":["AscendersBane","Zap+1","Dualcast+1","Recycle+1","Streamline+1","Ball Lightning","BootSequence","Go for the Eyes","Hologram+1","Cold Snap+1","Echo Form+1","Fission+1","Glacier","Creative AI+1","Core Surge","Steam Power+1","Heatsinks","Coolheaded","Self Repair","Coolheaded","Biased Cognition+1","Secret Weapon","Turbo+1","Defragment+1","Seek","Madness","Madness","Defragment"],"special_seed":0,"relics":["Cracked Core","NeowsBlessing","Bag of Preparation","Question Card","Ancient Tea Set","Bottled Flame","Pandora\u0027s Box","Enchiridion","Bag of Marbles","Pear","PreservedInsect","Eternal Feather","Membership Card","Bottled Lightning","Empty Cage","Whetstone","Mummified Hand","Pantograph","Mercury Hourglass","The Courier"],"potions_floor_usage":[50],"damage_taken":[{"damage":0.0,"enemies":"Jaw Worm","floor":1.0,"turns":1.0},{"damage":0.0,"enemies":"2 Louse","floor":7.0,"turns":1.0},{"damage":0.0,"enemies":"Gremlin Nob","floor":8.0,"turns":1.0},{"damage":0.0,"enemies":"Small Slimes","floor":11.0,"turns":2.0},{"damage":15.0,"enemies":"3 Sentries","floor":12.0,"turns":8.0},{"damage":0.0,"enemies":"Blue Slaver","floor":13.0,"turns":2.0},{"damage":1.0,"enemies":"Exordium Thugs","floor":14.0,"turns":5.0},{"damage":10.0,"enemies":"The Guardian","floor":16.0,"turns":12.0},{"damage":3.0,"enemies":"3 Byrds","floor":18.0,"turns":4.0},{"damage":0.0,"enemies":"Shell Parasite","floor":19.0,"turns":6.0},{"damage":0.0,"enemies":"Centurion and Healer","floor":20.0,"turns":7.0},{"damage":7.0,"enemies":"Sentry and Sphere","floor":22.0,"turns":6.0},{"damage":26.0,"enemies":"Slavers","floor":24.0,"turns":6.0},{"damage":9.0,"enemies":"Book of Stabbing","floor":27.0,"turns":5.0},{"damage":16.0,"enemies":"Champ","floor":33.0,"turns":12.0},{"damage":34,"enemies":"3 Darklings","floor":35,"turns":5},{"damage":4,"enemies":"Orb Walker","floor":37,"turns":3},{"damage":15,"enemies":"Maw","floor":39,"turns":8},{"damage":11,"enemies":"Reptomancer","floor":40,"turns":9},{"damage":0,"enemies":"Giant Head","floor":46,"turns":7},{"damage":0,"enemies":"Donu and Deca","floor":50,"turns":8}],"seed_played":"-7378410868031479673","potions_obtained":[{"floor":1.0,"key":"FearPotion"},{"floor":7.0,"key":"Ancient Potion"},{"floor":16.0,"key":"SteroidPotion"},{"floor":18.0,"key":"Strength Potion"},{"floor":27.0,"key":"Dexterity Potion"}],"is_trial":false,"path_per_floor":["M","$","?","?","?","R","M","E","T","$","M","E","M","M","R","B",null,"M","M","M","?","M","R","E","T","T","E","R","?","R","$","R","B",null,"M","?","M","?","M","E","$","R","T","$","?","E","?","T","R","B",null],"character_chosen":"DEFECT","items_purchased":["Ball Lightning","BootSequence","Membership Card","Coolheaded","Bottled Lightning","DistilledChaos","Seek","Pantograph"],"campfire_rested":1,"item_purchase_floors":[10,10,31,31,31,41,44,44],"current_hp_per_floor":[64,64,43,66,48,48,48,48,48,48,48,33,33,32,32,22,59,56,56,56,35,28,49,23,33,33,24,36,36,48,48,60,51,74,40,40,43,43,42,31,31,46,46,46,31,45,45,45,60,81],"gold":101,"neow_bonus":"THREE_ENEMY_KILL","is_prod":false,"is_daily":false,"chose_seed":false,"campfire_upgraded":7,"win_rate":0,"timestamp":1690573173,"path_taken":["M","$","?","?","?","R","M","E","T","?","?","E","M","M","R","BOSS","M","M","M","?","M","R","E","?","T","E","R","?","R","?","R","BOSS","M","?","M","?","M","E","$","R","T","$","?","E","?","?","R","BOSS"],"build_version":"2022-12-18","purchased_purges":3,"victory":true,"max_hp_per_floor":[71,71,71,71,71,71,71,71,71,71,71,71,71,71,71,71,71,71,71,71,71,71,71,71,81,81,81,81,81,81,81,81,81,81,81,81,81,81,81,81,81,81,81,81,81,81,81,81,81,81],"card_choices":[{"not_picked":["Auto Shields","Turbo"],"picked":"Recycle","floor":1.0},{"not_picked":["Aggregate","Tempest"],"picked":"Streamline","floor":7.0},{"not_picked":["Rebound","Redo"],"picked":"Compile Driver","floor":8.0},{"not_picked":["Stack","Cold Snap","Gash"],"picked":"Conserve Battery","floor":11.0},{"not_picked":["Core Surge","Rebound","Cold Snap"],"picked":"Go for the Eyes","floor":12.0},{"not_picked":["Barrage","Lockon","Self Repair"],"picked":"Hologram","floor":13.0},{"not_picked":["Steam","BootSequence","Hologram"],"picked":"Cold Snap","floor":14.0},{"not_picked":["Buffer","Thunder Strike","Fission"],"picked":"Echo Form","floor":16.0},{"not_picked":["Rebound+1","Go for the Eyes","Blizzard"],"picked":"Steam Power+1","floor":18.0},{"not_picked":["Redo","Gash+1","Hologram"],"picked":"Heatsinks","floor":19.0},{"not_picked":["Redo","Go for the Eyes","Skim"],"picked":"Coolheaded","floor":20.0},{"not_picked":["Compile Driver+1","Darkness","Redo","Rip and Tear"],"picked":"SKIP","floor":22.0},{"not_picked":["Tempest+1","Ball Lightning","Loop","Genetic Algorithm"],"picked":"SKIP","floor":24.0},{"not_picked":["Coolheaded","Conserve Battery","Core Surge"],"picked":"Self Repair","floor":27.0},{"not_picked":["Fission","All For One","Multi-Cast"],"picked":"Biased Cognition","floor":33.0},{"not_picked":["Compile Driver+1","Sweeping Beam","Blizzard+1","Skim"],"picked":"SKIP","floor":35},{"not_picked":["Trip","Jack Of All Trades","Flash of Steel"],"picked":"Secret Weapon","floor":36},{"not_picked":["Storm","Capacitor","Rebound"],"picked":"Turbo+1","floor":37},{"not_picked":["Heatsinks","Reprogram+1","Auto Shields+1","Go for the Eyes"],"picked":"SKIP","floor":39},{"not_picked":["Heatsinks","Reprogram+1","Auto Shields+1","Go for the Eyes"],"picked":"SKIP","floor":39},{"not_picked":["Force Field+1","Go for the Eyes+1","BootSequence"],"picked":"Defragment+1","floor":40},{"not_picked":["Self Repair+1","Static Discharge+1","Reinforced Body"],"picked":"Defragment","floor":46}],"player_experience":827373,"relics_obtained":[{"floor":8.0,"key":"Question Card"},{"floor":9.0,"key":"Ancient Tea Set"},{"floor":12.0,"key":"Bottled Flame"},{"floor":21.0,"key":"Enchiridion"},{"floor":24.0,"key":"Bag of Marbles"},{"floor":25.0,"key":"Pear"},{"floor":26.0,"key":"PreservedInsect"},{"floor":27.0,"key":"Eternal Feather"},{"floor":40,"key":"Whetstone"},{"floor":43,"key":"Mummified Hand"},{"floor":46,"key":"Mercury Hourglass"},{"floor":48,"key":"The Courier"}],"event_choices":[{"damage_healed":0.0,"max_hp_gain":0.0,"max_hp_loss":0.0,"gold_gain":0.0,"event_name":"Shining Light","player_choice":"Entered Light","floor":3.0,"gold_loss":0.0,"damage_taken":21.0,"cards_upgraded":["Zap","Defend_B"]},{"damage_healed":23.0,"max_hp_gain":0.0,"max_hp_loss":0.0,"gold_gain":0.0,"event_name":"Big Fish","player_choice":"Banana","floor":4.0,"gold_loss":0.0,"damage_taken":0.0},{"damage_healed":0.0,"max_hp_gain":0.0,"max_hp_loss":0.0,"gold_gain":0.0,"event_name":"Scrap Ooze","player_choice":"Success","floor":5.0,"gold_loss":0.0,"damage_taken":18.0,"relics_obtained":["Bag of Preparation"]},{"damage_healed":0.0,"max_hp_gain":0.0,"max_hp_loss":0.0,"gold_gain":0.0,"event_name":"Cursed Tome","player_choice":"Obtained Book","floor":21.0,"gold_loss":0.0,"damage_taken":21.0},{"damage_healed":0.0,"max_hp_gain":0.0,"max_hp_loss":0.0,"gold_gain":0.0,"event_name":"Ghosts","player_choice":"Ignored","floor":29.0,"gold_loss":0.0,"damage_taken":0.0},{"damage_healed":0,"gold_gain":0,"player_choice":"Memory 1","damage_taken":0,"max_hp_gain":0,"max_hp_loss":0,"event_name":"SensoryStone","floor":36,"gold_loss":0},{"damage_healed":0,"gold_gain":0,"player_choice":"Ignored","damage_taken":0,"max_hp_gain":0,"max_hp_loss":0,"event_name":"Tomb of Lord Red Mask","floor":38,"gold_loss":0},{"damage_healed":0,"gold_gain":0,"player_choice":"Embrace Madness","damage_taken":15,"max_hp_gain":0,"max_hp_loss":0,"event_name":"Winding Halls","floor":45,"gold_loss":0,"cards_obtained":["Madness","Madness"]},{"cards_removed":["Compile Driver"],"damage_healed":0,"gold_gain":0,"player_choice":"Removed Attack","damage_taken":0,"max_hp_gain":0,"max_hp_loss":0,"event_name":"Falling","floor":47,"gold_loss":0}],"is_beta":false,"boss_relics":[{"not_picked":["Cursed Key","Coffee Dripper"],"picked":"Pandora\u0027s Box"},{"not_picked":["Snecko Eye","Astrolabe"],"picked":"Empty Cage"}],"items_purged_floors":[2,31,41],"is_endless":false,"potions_floor_spawned":[1,7,16,18,22,27,46],"ascension_level":16}