{"gold_per_floor":[138,138,213,138,194,194,229,279,327,327,381,392,392,406,406,482,482,495,510,524,77,117,117,156,205,229,229,249,249],"floor_reached":29,"playtime":2045,"items_purged":["Strike_B"],"score":475,"play_id":"817c4d0b-8f85-4059-9381-e474e41e4fe2","local_time":"20230814192510","is_ascension_mode":true,"campfire_choices":[{"data":"Coolheaded","floor":6.0,"key":"SMITH"},{"floor":10.0,"key":"REST"},{"data":"Hologram","floor":13.0,"key":"SMITH"},{"floor":15.0,"key":"REST"},{"floor":23.0,"key":"REST"},{"floor":27.0,"key":"REST"}],"neow_cost":"PERCENT_DAMAGE","seed_source_timestamp":0,"circlet_count":0,"master_deck":["AscendersBane","Defend_B","Defend_B","Defend_B","Zap","Dualcast","HandOfGreed","Auto Shields","Coolheaded+1","Ball Lightning","Cold Snap","Darkness","Hologram+1","Conserve Battery","Rainbow","Loop","Chill","Barrage+1","Buffer","Coolheaded","Go for the Eyes","Defragment"],"special_seed":0,"relics":["Cracked Core","Bag of Preparation","Toy Ornithopter","Cables","Empty Cage","DataDisk","Juzu Bracelet","Smiling Mask"],"potions_floor_usage":[29,29],"damage_taken":[{"damage":4.0,"enemies":"Small Slimes","floor":1.0,"turns":3.0},{"damage":0.0,"enemies":"2 Louse","floor":5.0,"turns":3.0},{"damage":0.0,"enemies":"Jaw Worm","floor":7.0,"turns":3.0},{"damage":9.0,"enemies":"3 Sentries","floor":8.0,"turns":8.0},{"damage":22.0,"enemies":"Lagavulin","floor":11.0,"turns":7.0},{"damage":6.0,"enemies":"Blue Slaver","floor":12.0,"turns":3.0},{"damage":1.0,"enemies":"Exordium Thugs","floor":14.0,"turns":5.0},{"damage":13.0,"enemies":"Hexaghost","floor":16.0,"turns":11.0},{"damage":9.0,"enemies":"Chosen","floor":18.0,"turns":5.0},{"damage":11.0,"enemies":"2 Thieves","floor":19.0,"turns":5.0},{"damage":16.0,"enemies":"Snecko","floor":20.0,"turns":5.0},{"damage":16.0,"enemies":"Shelled Parasite and Fungi","floor":22.0,"turns":10.0},{"damage":11.0,"enemies":"Centurion and Healer","floor":24.0,"turns":8.0},{"damage":4.0,"enemies":"Book of Stabbing","floor":25.0,"turns":5.0},{"damage":6.0,"enemies":"Snake Plant","floor":28.0,"turns":5.0},{"damage":59,"enemies":"Gremlin Leader","floor":29,"turns":7}],"seed_played":"-434270497923574836","potions_obtained":[{"floor":8.0,"key":"DuplicationPotion"},{"floor":11.0,"key":"Dexterity Potion"},{"floor":18.0,"key":"PowerPotion"},{"floor":20.0,"key":"Swift Potion"}],"is_trial":false,"path_per_floor":["M","?","?","?","M","R","M","E","T","R","E","M","R","M","R","B",null,"M","M","M","$","M","R","M","E","T","R","M","E"],"character_chosen":"DEFECT","items_purchased":["Buffer","Coolheaded","DataDisk"],"campfire_rested":4,"item_purchase_floors":[21,21,21],"current_hp_per_floor":[42,42,31,31,31,31,31,22,22,43,21,15,15,14,35,27,60,51,45,29,29,13,34,23,19,19,40,34,0],"gold":249,"neow_bonus":"RANDOM_COLORLESS_2","is_prod":false,"is_daily":false,"chose_seed":false,"campfire_upgraded":2,"win_rate":0,"timestamp":1692066310,"path_taken":["M","?","?","?","M","R","M","E","T","R","E","M","R","M","R","BOSS","M","M","M","$","M","R","M","E","T","R","M","E"],"build_version":"2022-12-18","purchased_purges":1,"victory":false,"max_hp_per_floor":[71,71,71,71,71,71,71,71,71,71,71,71,71,71,71,71,71,71,71,71,71,71,71,71,71,71,71,71,71],"card_choices":[{"not_picked":["Transmutation","Metamorphosis"],"picked":"HandOfGreed","floor":0.0},{"not_picked":["Chaos","Double Energy"],"picked":"Auto Shields","floor":1.0},{"not_picked":["Capacitor","Streamline"],"picked":"Ball Lightning","floor":5.0},{"not_picked":["Hello World","Melter"],"picked":"Cold Snap","floor":7.0},{"not_picked":["Rebound","Conserve Battery"],"picked":"Darkness","floor":8.0},{"not_picked":["Aggregate","Blizzard"],"picked":"Hologram","floor":11.0},{"not_picked":["Force Field","Stack","Chill"],"picked":"SKIP","floor":12.0},{"not_picked":["Core Surge","Hologram"],"picked":"Conserve Battery","floor":14.0},{"not_picked":["All For One","Amplify"],"picked":"Rainbow","floor":16.0},{"not_picked":["Leap","Double Energy"],"picked":"Loop","floor":18.0},{"not_picked":["Cold Snap","Streamline"],"picked":"Chill","floor":19.0},{"not_picked":["Streamline+1","Leap"],"picked":"Barrage+1","floor":20.0},{"not_picked":["Turbo","Fusion"],"picked":"Go for the Eyes","floor":22.0},{"not_picked":["Ball Lightning","Self Repair"],"picked":"Defragment","floor":24.0},{"not_picked":["Aggregate","Beam Cell+1","Stack"],"picked":"SKIP","floor":25.0},{"not_picked":["Streamline","Beam Cell+1","Conserve Battery"],"picked":"SKIP","floor":28.0}],"player_experience":844929,"relics_obtained":[{"floor":8.0,"key":"Bag of Preparation"},{"floor":9.0,"key":"Toy Ornithopter"},{"floor":11.0,"key":"Cables"},{"floor":25.0,"key":"Juzu Bracelet"},{"floor":26.0,"key":"Smiling Mask"}],"event_choices":[{"damage_healed":0.0,"max_hp_gain":0.0,"max_hp_loss":0.0,"gold_gain":0.0,"cards_transformed":["Strike_B"],"event_name":"Living Wall","player_choice":"Change","floor":2.0,"gold_loss":0.0,"damage_taken":0.0,"cards_obtained":["Coolheaded"]},{"damage_healed":0.0,"max_hp_gain":0.0,"max_hp_loss":0.0,"gold_gain":75.0,"event_name":"World of Goop","player_choice":"Gather Gold","floor":3.0,"gold_loss":0.0,"damage_taken":11.0},{"cards_removed":["Strike_B"],"damage_healed":0.0,"max_hp_gain":0.0,"max_hp_loss":0.0,"gold_gain":0.0,"event_name":"The Cleric","player_choice":"Card Removal","floor":4.0,"gold_loss":75.0,"damage_taken":0.0}],"is_beta":false,"boss_relics":[{"not_picked":["FrozenCore","Coffee Dripper"],"picked":"Empty Cage"}],"items_purged_floors":[21],"is_endless":false,"potions_floor_spawned":[8,11,12,14,18,20,22,24],"killed_by":"Gremlin Leader","ascension_level":17}