{"gold_per_floor":[113,38,38,49,64,64,82,102,102,112,112],"floor_reached":11,"playtime":466,"items_purged":["Normality"],"score":124,"play_id":"46e00892-b876-4890-a94e-4268379c3034","local_time":"20230817175337","is_ascension_mode":true,"campfire_choices":[{"data":"Beam Cell","floor":6.0,"key":"SMITH"}],"neow_cost":"CURSE","seed_source_timestamp":0,"circlet_count":0,"master_deck":["AscendersBane","Strike_B","Strike_B","Strike_B","Strike_B","Defend_B","Defend_B","Defend_B","Defend_B","Zap","Dualcast","Ball Lightning","Beam Cell+1","Steam","FTL","Leap","Scrape","Conserve Battery","Self Repair"],"special_seed":0,"relics":["Cracked Core","Prayer Wheel","Girya"],"potions_floor_usage":[10],"damage_taken":[{"damage":9.0,"enemies":"2 Louse","floor":1.0,"turns":3.0},{"damage":0.0,"enemies":"Small Slimes","floor":4.0,"turns":2.0},{"damage":0.0,"enemies":"Cultist","floor":5.0,"turns":3.0},{"damage":23.0,"enemies":"Exordium Wildlife","floor":7.0,"turns":5.0},{"damage":0.0,"enemies":"2 Fungi Beasts","floor":8.0,"turns":2.0},{"damage":11,"enemies":"Exordium Thugs","floor":10,"turns":3},{"damage":22,"enemies":"3 Louse","floor":11,"turns":1}],"seed_played":"6213943507842440752","potions_obtained":[{"floor":7.0,"key":"Fire Potion"}],"is_trial":false,"path_per_floor":["M","$","?","M","M","R","M","M","T","M","M"],"character_chosen":"DEFECT","items_purchased":[],"campfire_rested":0,"item_purchase_floors":[],"current_hp_per_floor":[55,55,55,55,55,55,32,32,32,21,0],"gold":112,"neow_bonus":"ONE_RARE_RELIC","is_prod":false,"is_daily":false,"chose_seed":false,"campfire_upgraded":1,"win_rate":0,"timestamp":1692320017,"path_taken":["M","$","?","M","M","R","M","M","T","M","M"],"build_version":"2022-12-18","purchased_purges":1,"victory":false,"max_hp_per_floor":[71,71,71,71,71,71,71,71,71,71,71],"card_choices":[{"not_picked":["Skim","Beam Cell"],"picked":"Ball Lightning","floor":1.0},{"not_picked":["Steam Power","Rebound"],"picked":"Beam Cell","floor":1.0},{"not_picked":["Streamline","Force Field"],"picked":"Steam","floor":4.0},{"not_picked":["Recycle","Loop","Rebound"],"picked":"SKIP","floor":4.0},{"not_picked":["Reinforced Body","Blizzard"],"picked":"FTL","floor":5.0},{"not_picked":["Stack","Force Field"],"picked":"Leap","floor":5.0},{"not_picked":["Ball Lightning","Storm"],"picked":"Scrape","floor":7.0},{"not_picked":["Rebound","Leap","Sweeping Beam"],"picked":"SKIP","floor":7.0},{"not_picked":["Auto Shields","Leap"],"picked":"Conserve Battery","floor":8.0},{"not_picked":["Double Energy","Thunder Strike","Reprogram"],"picked":"SKIP","floor":8.0},{"not_picked":["Leap","Reprogram"],"picked":"Self Repair","floor":10},{"not_picked":["White Noise","Stack","Loop"],"picked":"SKIP","floor":10}],"player_experience":851396,"relics_obtained":[{"floor":9.0,"key":"Girya"}],"event_choices":[{"damage_healed":0.0,"max_hp_gain":0.0,"max_hp_loss":0.0,"gold_gain":0.0,"event_name":"Liars Game","player_choice":"Ignored","floor":3.0,"gold_loss":0.0,"damage_taken":0.0}],"is_beta":false,"boss_relics":[],"items_purged_floors":[2],"is_endless":false,"potions_floor_spawned":[7],"killed_by":"3 Louse","ascension_level":17}