{"gold_per_floor":[114,127,127,144,144,144,191,191],"floor_reached":8,"playtime":555,"items_purged":[],"score":109,"play_id":"d18c7cf4-26b0-4805-b128-06fba552fef6","local_time":"20231014121408","is_ascension_mode":true,"campfire_choices":[{"data":"Hologram","floor":6,"key":"SMITH"}],"neow_cost":"PERCENT_DAMAGE","seed_source_timestamp":253789913351200,"circlet_count":0,"master_deck":["AscendersBane","Strike_B","Strike_B","Strike_B","Strike_B","Defend_B","Defend_B","Defend_B","Defend_B","Zap","Dualcast","Hologram+1","Compile Driver","Chaos","Reprogram"],"relics":["Cracked Core","Girya","Golden Idol","CeramicFish"],"potions_floor_usage":[7,8],"damage_taken":[{"damage":7,"enemies":"Jaw Worm","floor":1,"turns":4},{"damage":5,"enemies":"Small Slimes","floor":2,"turns":3},{"damage":5,"enemies":"2 Louse","floor":4,"turns":2},{"damage":25,"enemies":"3 Sentries","floor":7,"turns":9},{"damage":6,"enemies":"Lots of Slimes","floor":8,"turns":1}],"seed_played":"-8677384374897227308","potions_obtained":[{"floor":2,"key":"SteroidPotion"},{"floor":7,"key":"Swift Potion"}],"is_trial":false,"path_per_floor":["M","M","?","M","?","R","E","M"],"character_chosen":"DEFECT","items_purchased":[],"campfire_rested":0,"item_purchase_floors":[],"current_hp_per_floor":[39,34,34,29,29,29,4,0],"gold":191,"neow_bonus":"ONE_RARE_RELIC","is_prod":false,"is_daily":false,"chose_seed":false,"campfire_upgraded":1,"win_rate":0,"timestamp":1697310848,"path_taken":["M","M","?","M","?","R","E","?"],"build_version":"2022-12-18","purchased_purges":0,"victory":false,"max_hp_per_floor":[71,71,71,71,64,64,64,64],"card_choices":[{"not_picked":["Coolheaded","Turbo"],"picked":"Hologram","floor":1},{"not_picked":["Hello World","Streamline"],"picked":"Compile Driver","floor":2},{"not_picked":["Auto Shields","Compile Driver"],"picked":"Chaos","floor":4},{"not_picked":["Sunder","Machine Learning"],"picked":"Reprogram","floor":7}],"player_experience":922179,"relics_obtained":[{"floor":7,"key":"CeramicFish"}],"event_choices":[{"damage_healed":0,"gold_gain":0,"player_choice":"Ignored","damage_taken":0,"max_hp_gain":0,"max_hp_loss":0,"event_name":"Liars Game","floor":3,"gold_loss":0},{"damage_healed":0,"gold_gain":0,"player_choice":"Lose Max HP","damage_taken":0,"relics_obtained":["Golden Idol"],"max_hp_gain":0,"max_hp_loss":7,"event_name":"Golden Idol","floor":5,"gold_loss":0}],"is_beta":false,"boss_relics":[],"items_purged_floors":[],"is_endless":false,"potions_floor_spawned":[2,7],"killed_by":"Lots of Slimes","ascension_level":19}