{"gold_per_floor":[109,126,126,136,10,10,42,62,62,88,105,161,161,141,141,217,217,228,153,173,189,189],"floor_reached":22,"playtime":1474,"items_purged":["Strike_B"],"score":382,"play_id":"dcddc54e-02a1-4afb-916f-294b32be76df","local_time":"20231121181316","is_ascension_mode":true,"campfire_choices":[{"data":"Hologram","floor":6.0,"key":"SMITH"},{"floor":13.0,"key":"REST"},{"data":"Streamline","floor":15.0,"key":"SMITH"}],"neow_cost":"TEN_PERCENT_HP_LOSS","seed_source_timestamp":0,"circlet_count":0,"master_deck":["AscendersBane","Zap","Dualcast","Gash","Streamline+1","BootSequence","Hologram+1","Rebound","Conserve Battery","Gash","Creative AI+1","Machine Learning+1","Steam","Thunder Strike","Melter","Steam","Scrape"],"special_seed":0,"relics":["Cracked Core","Question Card","Frozen Egg 2","Matryoshka","White Beast Statue","Pandora\u0027s Box"],"potions_floor_usage":[22],"damage_taken":[{"damage":0.0,"enemies":"2 Louse","floor":1.0,"turns":2.0},{"damage":9.0,"enemies":"Jaw Worm","floor":2.0,"turns":4.0},{"damage":7.0,"enemies":"Small Slimes","floor":4.0,"turns":3.0},{"damage":15.0,"enemies":"Lagavulin","floor":7.0,"turns":7.0},{"damage":4.0,"enemies":"Red Slaver","floor":8.0,"turns":4.0},{"damage":6.0,"enemies":"Gremlin Nob","floor":10.0,"turns":3.0},{"damage":0.0,"enemies":"Blue Slaver","floor":11.0,"turns":3.0},{"damage":23.0,"enemies":"3 Sentries","floor":12.0,"turns":8.0},{"damage":11.0,"enemies":"Slime Boss","floor":16.0,"turns":10.0},{"damage":12.0,"enemies":"Shell Parasite","floor":18.0,"turns":3.0},{"damage":13.0,"enemies":"3 Byrds","floor":20.0,"turns":5.0},{"damage":19.0,"enemies":"Snake Plant","floor":21.0,"turns":3.0},{"damage":16,"enemies":"Shelled Parasite and Fungi","floor":22,"turns":3}],"seed_played":"4679678905577038828","potions_obtained":[{"floor":7.0,"key":"AttackPotion"},{"floor":8.0,"key":"SkillPotion"},{"floor":10.0,"key":"FocusPotion"},{"floor":11.0,"key":"FearPotion"},{"floor":16.0,"key":"SneckoOil"},{"floor":18.0,"key":"Strength Potion"},{"floor":20.0,"key":"DistilledChaos"},{"floor":21.0,"key":"DuplicationPotion"}],"is_trial":false,"path_per_floor":["M","M","?","M","$","R","E","M","T","E","M","?","R","?","R","B",null,"M","?","M","M","M"],"character_chosen":"DEFECT","items_purchased":["Hologram"],"campfire_rested":1,"item_purchase_floors":[5],"current_hp_per_floor":[64,55,60,53,53,53,38,34,34,28,28,5,25,25,25,14,55,43,43,30,11,0],"gold":189,"neow_bonus":"REMOVE_TWO","is_prod":false,"is_daily":false,"chose_seed":false,"campfire_upgraded":2,"win_rate":0,"timestamp":1700619196,"path_taken":["M","M","?","M","$","R","E","M","T","E","M","?","R","?","R","BOSS","M","?","M","M","M"],"build_version":"2022-12-18","purchased_purges":1,"victory":false,"max_hp_per_floor":[64,64,69,69,69,69,69,69,69,69,69,69,69,69,69,69,69,69,69,69,69,69],"card_choices":[{"not_picked":["Go for the Eyes","Rebound"],"picked":"Gash","floor":1.0},{"not_picked":["Compile Driver","Barrage"],"picked":"Streamline","floor":2.0},{"not_picked":["White Noise","Tempest"],"picked":"BootSequence","floor":4.0},{"not_picked":["Lockon","Redo","BootSequence"],"picked":"SKIP","floor":7.0},{"not_picked":["Skim","Coolheaded","FTL"],"picked":"Rebound","floor":8.0},{"not_picked":["Redo","Blizzard","BootSequence"],"picked":"Conserve Battery","floor":10.0},{"not_picked":["Streamline","Rebound","Storm+1","Leap"],"picked":"SKIP","floor":11.0},{"not_picked":["Streamline","Redo","Recycle"],"picked":"Gash","floor":12.0},{"not_picked":["Reboot","Thunder Strike","Biased Cognition+1"],"picked":"Creative AI+1","floor":16.0},{"not_picked":["Beam Cell","Go for the Eyes","Rebound"],"picked":"Steam","floor":18.0},{"not_picked":["Redo+1","Consume","Beam Cell+1"],"picked":"Scrape","floor":20.0},{"not_picked":["Compile Driver","Beam Cell","Conserve Battery","Consume+1"],"picked":"SKIP","floor":21.0}],"player_experience":962640,"relics_obtained":[{"floor":7.0,"key":"Question Card"},{"floor":9.0,"key":"Frozen Egg 2"},{"floor":10.0,"key":"Matryoshka"},{"floor":12.0,"key":"White Beast Statue"}],"event_choices":[{"damage_healed":0.0,"max_hp_gain":5.0,"max_hp_loss":0.0,"gold_gain":0.0,"event_name":"Big Fish","player_choice":"Donut","floor":3.0,"gold_loss":0.0,"damage_taken":0.0},{"damage_healed":0.0,"max_hp_gain":0.0,"max_hp_loss":0.0,"gold_gain":0.0,"event_name":"Dead Adventurer","player_choice":"Searched \u00271\u0027 times","floor":12.0,"gold_loss":0.0,"damage_taken":0.0},{"damage_healed":0.0,"max_hp_gain":0.0,"max_hp_loss":0.0,"gold_gain":0.0,"event_name":"The Woman in Blue","player_choice":"Bought 1 Potion","floor":14.0,"gold_loss":0.0,"damage_taken":0.0},{"cards_removed":["Blizzard"],"damage_healed":0.0,"max_hp_gain":0.0,"max_hp_loss":0.0,"gold_gain":0.0,"event_name":"Beggar","player_choice":"Gave Gold","floor":19.0,"gold_loss":75.0,"damage_taken":0.0}],"is_beta":false,"boss_relics":[{"not_picked":["Coffee Dripper","Cursed Key"],"picked":"Pandora\u0027s Box"}],"items_purged_floors":[5],"is_endless":false,"potions_floor_spawned":[7,8,10,11,16,18,20,21],"killed_by":"Shelled Parasite and Fungi","ascension_level":19}