{"gold_per_floor":[119,136,61,61,61,61,91,103,128,128,142,142,171,181,181,258,258,274,289,289,289,214,214,240,240,293,305,12,37,57,32,32,105,105,117,137,137,137],"floor_reached":38,"playtime":3656,"items_purged":["Strike_B","Defend_B"],"score":965,"play_id":"7f5e309c-8f93-4f36-9ddb-432ba0558f4a","local_time":"20231120140829","is_ascension_mode":true,"campfire_choices":[{"data":"Zap","floor":6.0,"key":"SMITH"},{"floor":12.0,"key":"REST"},{"data":"Consume","floor":15.0,"key":"SMITH"},{"data":"Seek","floor":23.0,"key":"SMITH"},{"floor":25.0,"key":"REST"},{"data":"Turbo","floor":27.0,"key":"SMITH"},{"data":"Hologram","floor":32.0,"key":"SMITH"}],"neow_cost":"NONE","seed_source_timestamp":0,"circlet_count":0,"master_deck":["AscendersBane","Zap+1","Dualcast","Ball Lightning+1","Darkness+1","Conserve Battery+1","Cold Snap","Go for the Eyes","Redo","Consume+1","Seek+1","Turbo+1","Skim","Rebound","Undo","Steam","Compile Driver","Hologram+1","Fission","Biased Cognition","Amplify","Reboot","Fission","Blizzard","Hologram"],"special_seed":0,"relics":["Cracked Core","Happy Flower","Bronze Scales","Ice Cream","Black Star","Matryoshka","Pocketwatch","MealTicket","MawBank","Medical Kit","Ornamental Fan","Cables","Pandora\u0027s Box"],"potions_floor_usage":[],"damage_taken":[{"damage":5.0,"enemies":"Small Slimes","floor":1.0,"turns":3.0},{"damage":9.0,"enemies":"2 Louse","floor":2.0,"turns":2.0},{"damage":1.0,"enemies":"Gremlin Nob","floor":7.0,"turns":3.0},{"damage":2.0,"enemies":"Jaw Worm","floor":8.0,"turns":2.0},{"damage":0.0,"enemies":"2 Fungi Beasts","floor":11.0,"turns":3.0},{"damage":13.0,"enemies":"Lagavulin","floor":13.0,"turns":6.0},{"damage":3.0,"enemies":"Looter","floor":14.0,"turns":2.0},{"damage":0.0,"enemies":"The Guardian","floor":16.0,"turns":7.0},{"damage":15.0,"enemies":"3 Byrds","floor":18.0,"turns":3.0},{"damage":19.0,"enemies":"Spheric Guardian","floor":19.0,"turns":4.0},{"damage":38.0,"enemies":"Book of Stabbing","floor":24.0,"turns":6.0},{"damage":0.0,"enemies":"Gremlin Leader","floor":29.0,"turns":4.0},{"damage":0.0,"enemies":"Snecko","floor":30.0,"turns":3.0},{"damage":43.0,"enemies":"Automaton","floor":33.0,"turns":9.0},{"damage":6.0,"enemies":"Orb Walker","floor":35.0,"turns":3.0},{"damage":47.0,"enemies":"3 Darklings","floor":36.0,"turns":7.0},{"damage":12,"enemies":"Spire Growth","floor":38,"turns":2}],"seed_played":"-1273616727217780463","potions_obtained":[{"floor":1.0,"key":"SkillPotion"},{"floor":7.0,"key":"SkillPotion"},{"floor":16.0,"key":"EssenceOfDarkness"},{"floor":24.0,"key":"Ancient Potion"},{"floor":29.0,"key":"AttackPotion"},{"floor":33.0,"key":"Regen Potion"}],"is_trial":false,"path_per_floor":["M","M","$","?","?","R","E","M","T","?","M","R","E","M","R","B",null,"M","M","?","?","?","R","E","R","T","R","$","E","M","$","R","B",null,"M","M","?","M"],"character_chosen":"DEFECT","items_purchased":["Undo","Medical Kit","Hologram"],"campfire_rested":2,"item_purchase_floors":[28,28,31],"current_hp_per_floor":[59,50,50,50,29,29,28,26,26,26,26,47,34,31,31,31,61,46,27,41,41,41,41,3,24,24,24,39,39,39,54,54,11,56,50,3,3,0],"gold":137,"neow_bonus":"THREE_CARDS","is_prod":false,"is_daily":false,"chose_seed":false,"campfire_upgraded":5,"win_rate":0,"timestamp":1700518109,"path_taken":["M","M","$","?","?","R","E","M","T","?","M","R","E","M","R","BOSS","M","M","?","?","?","R","E","R","T","R","?","E","M","$","R","BOSS","M","M","?","?"],"build_version":"2022-12-18","purchased_purges":2,"victory":false,"max_hp_per_floor":[71,71,71,71,71,71,71,71,71,71,71,71,71,71,71,71,71,71,71,71,71,71,71,71,71,71,71,71,71,71,71,71,71,71,71,71,71,71],"card_choices":[{"not_picked":["Cold Snap","Conserve Battery"],"picked":"Ball Lightning","floor":0.0},{"not_picked":["Hologram","Leap"],"picked":"Darkness","floor":1.0},{"not_picked":["Steam","Loop"],"picked":"Conserve Battery","floor":2.0},{"not_picked":["Beam Cell","Sweeping Beam"],"picked":"Cold Snap","floor":7.0},{"not_picked":["Sweeping Beam","Stack"],"picked":"Go for the Eyes","floor":8.0},{"not_picked":["Chaos","Heatsinks","Stack"],"picked":"SKIP","floor":11.0},{"not_picked":["Chaos","Heatsinks","Stack"],"picked":"SKIP","floor":11.0},{"not_picked":["White Noise","Go for the Eyes"],"picked":"Redo","floor":13.0},{"not_picked":["Stack","Reboot"],"picked":"Consume","floor":14.0},{"not_picked":["Multi-Cast","All For One"],"picked":"Seek","floor":16.0},{"not_picked":["Storm","Beam Cell"],"picked":"Turbo","floor":18.0},{"not_picked":["Turbo","Barrage+1"],"picked":"Skim","floor":19.0},{"not_picked":["Gash","Sweeping Beam"],"picked":"Rebound","floor":24.0},{"not_picked":["Stack","Beam Cell"],"picked":"Steam","floor":29.0},{"not_picked":["Stack+1","Steam"],"picked":"Compile Driver","floor":30.0},{"not_picked":["Hyperbeam","Amplify"],"picked":"Fission","floor":33.0},{"not_picked":["Gash","Leap","Stack"],"picked":"SKIP","floor":35.0},{"not_picked":["Tempest","Go for the Eyes"],"picked":"Hologram","floor":36.0}],"player_experience":958984,"relics_obtained":[{"floor":7.0,"key":"Happy Flower"},{"floor":9.0,"key":"Bronze Scales"},{"floor":13.0,"key":"Ice Cream"},{"floor":24.0,"key":"Matryoshka"},{"floor":24.0,"key":"Pocketwatch"},{"floor":26.0,"key":"MealTicket"},{"floor":26.0,"key":"MawBank"},{"floor":29.0,"key":"Ornamental Fan"},{"floor":29.0,"key":"Cables"}],"event_choices":[{"damage_healed":0.0,"max_hp_gain":0.0,"max_hp_loss":0.0,"gold_gain":0.0,"event_name":"Living Wall","player_choice":"Grow","floor":4.0,"gold_loss":0.0,"damage_taken":0.0,"cards_upgraded":["Darkness"]},{"damage_healed":0.0,"max_hp_gain":0.0,"max_hp_loss":0.0,"gold_gain":0.0,"event_name":"Shining Light","player_choice":"Entered Light","floor":5.0,"gold_loss":0.0,"damage_taken":21.0,"cards_upgraded":["Ball Lightning","Conserve Battery"]},{"damage_healed":0.0,"max_hp_gain":0.0,"max_hp_loss":0.0,"gold_gain":0.0,"event_name":"Liars Game","player_choice":"Ignored","floor":10.0,"gold_loss":0.0,"damage_taken":0.0},{"damage_healed":14.0,"max_hp_gain":0.0,"max_hp_loss":0.0,"gold_gain":0.0,"event_name":"The Library","player_choice":"Heal","floor":20.0,"gold_loss":0.0,"damage_taken":0.0},{"damage_healed":0.0,"max_hp_gain":0.0,"max_hp_loss":0.0,"gold_gain":0.0,"event_name":"Cursed Tome","player_choice":"Ignored","floor":21.0,"gold_loss":0.0,"damage_taken":0.0},{"cards_removed":["Strike_B"],"damage_healed":0.0,"max_hp_gain":0.0,"max_hp_loss":0.0,"gold_gain":0.0,"event_name":"Beggar","player_choice":"Gave Gold","floor":22.0,"gold_loss":75.0,"damage_taken":0.0},{"damage_healed":0.0,"max_hp_gain":0.0,"max_hp_loss":0.0,"gold_gain":0.0,"event_name":"Lab","player_choice":"Got Potions","floor":37.0,"gold_loss":0.0,"damage_taken":0.0}],"is_beta":false,"boss_relics":[{"not_picked":["Ectoplasm","Tiny House"],"picked":"Black Star"},{"not_picked":["Busted Crown","SacredBark"],"picked":"Pandora\u0027s Box"}],"items_purged_floors":[3,28],"is_endless":false,"potions_floor_spawned":[1,7,16,24,29,33,36],"killed_by":"Spire Growth","ascension_level":19}