{"gold_per_floor":[116,116,132,152,77,77,98,98,98,119,44,44,83,103,103,192,192,215,215,230,243,44,58,77,77,129,129,162,162,103,137,137,230,230,255,286,286,5,24,62,62,82,82,123,135,186,198,225,237,249],"floor_reached":50,"playtime":6368,"items_purged":["Defend_B","Defend_B"],"score":1258,"play_id":"a96cbd7b-e171-42fe-ba35-61965d056230","local_time":"20231210184351","is_ascension_mode":true,"campfire_choices":[{"data":"Zap","floor":6.0,"key":"SMITH"},{"floor":8.0,"key":"REST"},{"floor":12.0,"key":"REST"},{"data":"Loop","floor":15.0,"key":"SMITH"},{"floor":25.0,"key":"REST"},{"data":"Defragment","floor":27.0,"key":"SMITH"},{"floor":29.0,"key":"REST"},{"floor":32.0,"key":"REST"},{"data":"Defragment","floor":41,"key":"SMITH"},{"data":"Turbo","floor":45,"key":"SMITH"},{"data":"Echo Form","floor":49,"key":"SMITH"}],"neow_cost":"PERCENT_DAMAGE","seed_source_timestamp":0,"circlet_count":0,"master_deck":["AscendersBane","Zap+1","Dualcast+1","Coolheaded+1","Genetic Algorithm","Doom and Gloom","Conserve Battery","Glacier+1","Loop+1","Rainbow","Capacitor+1","Reinforced Body+1","Heatsinks+1","Redo","Turbo+1","Defragment+1","Chill+1","Hologram+1","Self Repair","Machine Learning","Blizzard","Coolheaded","Echo Form+1","Compile Driver","Chill","Undo","Defragment+1","Double Energy+1","Coolheaded+1","Turbo"],"special_seed":0,"relics":["Cracked Core","Golden Idol","Incense Burner","Gambling Chip","Astrolabe","Membership Card","Dream Catcher","Anchor","PreservedInsect","Art of War","SlaversCollar","Du-Vu Doll","Orrery","Centennial Puzzle","White Beast Statue","Shuriken","MawBank","War Paint"],"potions_floor_usage":[42,44,44,50,50],"damage_taken":[{"damage":2.0,"enemies":"Jaw Worm","floor":1.0,"turns":3.0},{"damage":5.0,"enemies":"Small Slimes","floor":3.0,"turns":4.0},{"damage":2.0,"enemies":"2 Louse","floor":4.0,"turns":4.0},{"damage":11.0,"enemies":"Red Slaver","floor":7.0,"turns":4.0},{"damage":19.0,"enemies":"Large Slime","floor":10.0,"turns":6.0},{"damage":3.0,"enemies":"3 Sentries","floor":13.0,"turns":6.0},{"damage":9.0,"enemies":"3 Louse","floor":14.0,"turns":3.0},{"damage":1.0,"enemies":"The Guardian","floor":16.0,"turns":8.0},{"damage":26.0,"enemies":"Chosen","floor":18.0,"turns":5.0},{"damage":0.0,"enemies":"Spheric Guardian","floor":20.0,"turns":5.0},{"damage":6.0,"enemies":"Chosen and Byrds","floor":21.0,"turns":5.0},{"damage":3.0,"enemies":"Cultist and Chosen","floor":23.0,"turns":7.0},{"damage":6.0,"enemies":"Shelled Parasite and Fungi","floor":24.0,"turns":5.0},{"damage":10.0,"enemies":"Book of Stabbing","floor":28.0,"turns":8.0},{"damage":24.0,"enemies":"Gremlin Leader","floor":31.0,"turns":8.0},{"damage":9.0,"enemies":"Champ","floor":33.0,"turns":10.0},{"damage":0.0,"enemies":"3 Darklings","floor":35.0,"turns":9.0},{"damage":5.0,"enemies":"Mind Bloom Boss Battle","floor":36.0,"turns":6.0},{"damage":8,"enemies":"3 Shapes","floor":39,"turns":7},{"damage":0,"enemies":"Giant Head","floor":40,"turns":9},{"damage":4,"enemies":"Sphere and 2 Shapes","floor":42,"turns":6},{"damage":25,"enemies":"Reptomancer","floor":44,"turns":6},{"damage":0,"enemies":"Nemesis","floor":46,"turns":11},{"damage":8,"enemies":"3 Darklings","floor":48,"turns":6},{"damage":65,"enemies":"Awakened One","floor":50,"turns":3}],"seed_played":"149240990515237682","potions_obtained":[{"floor":4.0,"key":"DuplicationPotion"},{"floor":7.0,"key":"Energy Potion"},{"floor":16.0,"key":"EntropicBrew"},{"floor":20.0,"key":"Energy Potion"},{"floor":24.0,"key":"Block Potion"},{"floor":33.0,"key":"Dexterity Potion"},{"floor":40,"key":"Fruit Juice"},{"floor":42,"key":"LiquidMemories"},{"floor":44,"key":"DuplicationPotion"},{"floor":46,"key":"FocusPotion"}],"is_trial":false,"path_per_floor":["M","?","M","M","?","R","M","R","T","M","$","R","E","M","R","B",null,"M","?","M","M","$","M","M","R","T","R","E","R","?","E","R","B",null,"M","?","?","$","M","E","R","M","T","E","R","E","?","M","R","B"],"character_chosen":"DEFECT","items_purchased":["Membership Card","Block Potion","Orrery","Undo","AttackPotion","Centennial Puzzle"],"campfire_rested":5,"item_purchase_floors":[22,22,38,38,38,38],"current_hp_per_floor":[44,44,39,37,37,37,26,45,45,26,26,45,42,33,33,32,56,30,30,30,24,24,21,15,34,34,34,24,43,43,19,38,36,57,64,64,64,64,64,64,64,69,69,51,51,65,65,64,64,0],"gold":249,"neow_bonus":"REMOVE_TWO","is_prod":false,"is_daily":false,"chose_seed":false,"campfire_upgraded":6,"win_rate":0,"timestamp":1702262631,"path_taken":["M","?","M","M","?","R","M","R","T","?","$","R","E","M","R","BOSS","BOSS","M","?","M","M","$","M","?","R","T","R","E","R","?","E","R","BOSS","M","?","?","?","?","E","R","M","T","E","R","E","?","?","R","BOSS"],"build_version":"2022-12-18","purchased_purges":2,"victory":false,"max_hp_per_floor":[71,64,64,64,64,64,64,64,64,64,64,64,64,64,64,64,64,64,64,64,64,64,64,64,64,64,64,64,64,64,64,64,64,64,64,64,64,64,64,64,64,69,69,69,69,69,69,69,69,69],"card_choices":[{"not_picked":["Beam Cell","Barrage"],"picked":"Coolheaded","floor":1.0},{"not_picked":["Coolheaded","Steam"],"picked":"Genetic Algorithm","floor":3.0},{"not_picked":["Streamline","Compile Driver"],"picked":"Doom and Gloom","floor":4.0},{"not_picked":["Stack","All For One"],"picked":"Conserve Battery","floor":7.0},{"not_picked":["Redo","Force Field"],"picked":"Glacier","floor":10.0},{"not_picked":["Streamline","Conserve Battery","Stack"],"picked":"SKIP","floor":13.0},{"not_picked":["Go for the Eyes","Ball Lightning"],"picked":"Loop","floor":14.0},{"not_picked":["Electrodynamics","Hyperbeam"],"picked":"Rainbow","floor":16.0},{"not_picked":["Auto Shields","Sunder+1"],"picked":"Redo","floor":18.0},{"not_picked":["Lockon","Darkness"],"picked":"Turbo","floor":20.0},{"not_picked":["BootSequence","Steam+1","Go for the Eyes"],"picked":"SKIP","floor":21.0},{"not_picked":["Turbo","Redo"],"picked":"Defragment","floor":23.0},{"not_picked":["Sweeping Beam","Leap","Fusion"],"picked":"SKIP","floor":24.0},{"not_picked":["Fission","Redo","Steam"],"picked":"SKIP","floor":28.0},{"not_picked":["Steam","Turbo"],"picked":"Chill+1","floor":29.0},{"not_picked":["Double Energy","Electrodynamics"],"picked":"Hologram+1","floor":31.0},{"not_picked":["Conserve Battery","Compile Driver"],"picked":"Self Repair","floor":32.0},{"not_picked":["Electrodynamics","Fission"],"picked":"Machine Learning","floor":33.0},{"not_picked":["Blizzard","Hologram","Rebound"],"picked":"SKIP","floor":35.0},{"not_picked":["Hologram","Rebound"],"picked":"Blizzard","floor":35.0},{"not_picked":["BootSequence","Ball Lightning"],"picked":"Coolheaded","floor":38},{"not_picked":["White Noise","Reprogram"],"picked":"Echo Form","floor":38},{"not_picked":["Storm","Ball Lightning+1"],"picked":"Compile Driver","floor":38},{"not_picked":["Barrage","Capacitor"],"picked":"Chill","floor":38},{"not_picked":["Leap","Capacitor","Static Discharge"],"picked":"SKIP","floor":39},{"not_picked":["Melter","Auto Shields+1"],"picked":"Defragment","floor":40},{"not_picked":["Tempest","Redo","Leap"],"picked":"SKIP","floor":42},{"not_picked":["Leap","Barrage"],"picked":"Double Energy+1","floor":44},{"not_picked":["Melter","Conserve Battery"],"picked":"Coolheaded+1","floor":46},{"not_picked":["Sweeping Beam","Rainbow"],"picked":"Turbo","floor":48}],"player_experience":967263,"relics_obtained":[{"floor":9.0,"key":"Incense Burner"},{"floor":13.0,"key":"Gambling Chip"},{"floor":26.0,"key":"Dream Catcher"},{"floor":28.0,"key":"Anchor"},{"floor":31.0,"key":"Art of War"},{"floor":36.0,"key":"Du-Vu Doll"},{"floor":40,"key":"White Beast Statue"},{"floor":43,"key":"Shuriken"},{"floor":44,"key":"MawBank"},{"floor":46,"key":"War Paint"}],"event_choices":[{"damage_healed":0.0,"max_hp_gain":0.0,"max_hp_loss":7.0,"gold_gain":0.0,"event_name":"Golden Idol","player_choice":"Lose Max HP","floor":2.0,"gold_loss":0.0,"damage_taken":0.0,"relics_obtained":["Golden Idol"]},{"cards_removed":["Strike_B"],"damage_healed":0.0,"max_hp_gain":0.0,"max_hp_loss":0.0,"gold_gain":0.0,"event_name":"The Cleric","player_choice":"Card Removal","floor":5.0,"gold_loss":75.0,"damage_taken":0.0},{"damage_healed":0.0,"max_hp_gain":0.0,"max_hp_loss":0.0,"gold_gain":0.0,"event_name":"Match and Keep!","player_choice":"0 cards matched","floor":19.0,"gold_loss":0.0,"damage_taken":0.0,"cards_obtained":[]},{"damage_healed":0.0,"max_hp_gain":0.0,"max_hp_loss":0.0,"gold_gain":0.0,"event_name":"WeMeetAgain","player_choice":"Paid Gold","floor":30.0,"gold_loss":59.0,"damage_taken":0.0,"relics_obtained":["PreservedInsect"]},{"damage_healed":0.0,"max_hp_gain":0.0,"max_hp_loss":0.0,"gold_gain":0.0,"event_name":"MindBloom","player_choice":"Fight","floor":36.0,"gold_loss":0.0,"damage_taken":0.0},{"damage_healed":0,"gold_gain":0,"player_choice":"Ignored","damage_taken":0,"max_hp_gain":0,"max_hp_loss":0,"event_name":"Mysterious Sphere","floor":37,"gold_loss":0},{"damage_healed":0,"gold_gain":0,"player_choice":"Forge","damage_taken":0,"max_hp_gain":0,"max_hp_loss":0,"event_name":"Accursed Blacksmith","floor":47,"gold_loss":0,"cards_upgraded":["Coolheaded"]}],"is_beta":false,"boss_relics":[{"not_picked":["Tiny House","SacredBark"],"picked":"Astrolabe"},{"not_picked":["Fusion Hammer","Sozu"],"picked":"SlaversCollar"}],"items_purged_floors":[11,38],"is_endless":false,"potions_floor_spawned":[4,7,16,20,21,24,33,40,42,44,46,48],"killed_by":"Awakened One","ascension_level":19}