{"gold_per_floor":[20,33,47,62,73,106,71,71,94,94,94,20,20,34,34,111,111,128,145,160,160,160,160,178,195,219,219],"floor_reached":27,"playtime":1131,"items_purged":[],"score":423,"play_id":"f9cc931c-e7b7-469d-8249-4b119d3d9cf4","local_time":"20240122180910","is_ascension_mode":true,"campfire_choices":[{"data":"Recycle","floor":8,"key":"SMITH"},{"floor":11,"key":"REST"},{"data":"Hologram","floor":13,"key":"SMITH"},{"floor":15,"key":"REST"},{"data":"Coolheaded","floor":23,"key":"SMITH"}],"neow_cost":"NO_GOLD","seed_source_timestamp":103714307536800,"circlet_count":0,"master_deck":["AscendersBane","Strike_B","Strike_B","Strike_B","Strike_B","Defend_B","Defend_B","Defend_B","Defend_B","Zap","Dualcast","Recycle+1","Hologram+1","Glacier","Ball Lightning","Ball Lightning","Capacitor","Sweeping Beam","Ball Lightning","Redo","Creative AI","Loop","Coolheaded+1","Leap","Shame","Conserve Battery"],"relics":["Cracked Core","Turnip","Happy Flower","Bag of Marbles","Snecko Eye","Nunchaku","Bottled Flame","Toy Ornithopter"],"potions_floor_usage":[6,16,16,24,25,27],"damage_taken":[{"damage":2,"enemies":"Cultist","floor":1,"turns":4},{"damage":12,"enemies":"Jaw Worm","floor":2,"turns":4},{"damage":6,"enemies":"2 Louse","floor":3,"turns":3},{"damage":15,"enemies":"Large Slime","floor":4,"turns":9},{"damage":17,"enemies":"Exordium Thugs","floor":5,"turns":4},{"damage":6,"enemies":"3 Sentries","floor":6,"turns":5},{"damage":9,"enemies":"2 Fungi Beasts","floor":14,"turns":3},{"damage":38,"enemies":"Slime Boss","floor":16,"turns":8},{"damage":7,"enemies":"Chosen","floor":18,"turns":3},{"damage":0,"enemies":"Spheric Guardian","floor":19,"turns":3},{"damage":0,"enemies":"Snake Plant","floor":20,"turns":4},{"damage":12,"enemies":"Sentry and Sphere","floor":24,"turns":5},{"damage":5,"enemies":"Snecko","floor":25,"turns":4},{"damage":40,"enemies":"Slavers","floor":27,"turns":2}],"seed_played":"215974428358612671","potions_obtained":[{"floor":1,"key":"LiquidMemories"},{"floor":3,"key":"Energy Potion"},{"floor":4,"key":"EssenceOfDarkness"},{"floor":6,"key":"Block Potion"},{"floor":14,"key":"Fire Potion"},{"floor":16,"key":"Weak Potion"},{"floor":20,"key":"ColorlessPotion"},{"floor":25,"key":"FearPotion"}],"is_trial":false,"path_per_floor":["M","M","M","M","M","E","?","R","T","?","R","$","R","M","R","B",null,"M","M","M","?","T","R","M","M","T","E"],"character_chosen":"DEFECT","items_purchased":["Sweeping Beam","Ball Lightning"],"campfire_rested":2,"item_purchase_floors":[12,12],"current_hp_per_floor":[62,50,44,29,12,6,23,23,23,12,33,33,33,24,45,7,55,48,48,48,48,48,48,36,31,31,0],"gold":219,"neow_bonus":"ONE_RARE_RELIC","is_prod":false,"is_daily":false,"chose_seed":false,"campfire_upgraded":3,"win_rate":0,"timestamp":1705975750,"path_taken":["M","M","?","M","?","E","?","R","T","?","R","$","R","M","R","BOSS","M","M","M","?","?","R","M","M","T","E"],"build_version":"2022-12-18","purchased_purges":0,"victory":false,"max_hp_per_floor":[71,71,71,71,71,71,71,71,71,71,71,71,71,71,71,71,71,71,71,71,71,71,71,71,71,71,71],"card_choices":[{"not_picked":["Force Field","Chill"],"picked":"Recycle","floor":1},{"not_picked":["Melter","Recycle"],"picked":"Hologram","floor":2},{"not_picked":["Rebound","Static Discharge"],"picked":"Glacier","floor":3},{"not_picked":["Heatsinks","Consume"],"picked":"Ball Lightning","floor":4},{"not_picked":["Blizzard","Auto Shields"],"picked":"Ball Lightning","floor":5},{"not_picked":["Reboot","Barrage"],"picked":"Capacitor","floor":6},{"not_picked":["Storm","Gash"],"picked":"Redo","floor":14},{"not_picked":["Machine Learning","Core Surge"],"picked":"Creative AI","floor":16},{"not_picked":["Static Discharge","Steam"],"picked":"Loop","floor":18},{"not_picked":["Tempest","Heatsinks"],"picked":"Coolheaded","floor":19},{"not_picked":["Redo","Gash"],"picked":"Leap","floor":20},{"not_picked":["Cold Snap","Stack"],"picked":"Conserve Battery","floor":24},{"not_picked":["Beam Cell","FTL","Stack"],"picked":"SKIP","floor":25}],"player_experience":998621,"relics_obtained":[{"floor":6,"key":"Happy Flower"},{"floor":9,"key":"Bag of Marbles"},{"floor":22,"key":"Bottled Flame"},{"floor":26,"key":"Toy Ornithopter"}],"event_choices":[{"damage_healed":17,"gold_gain":0,"player_choice":"Healed","damage_taken":0,"max_hp_gain":0,"max_hp_loss":0,"event_name":"The Cleric","floor":7,"gold_loss":35},{"damage_healed":0,"gold_gain":0,"player_choice":"Fled","damage_taken":11,"max_hp_gain":0,"max_hp_loss":0,"event_name":"Scrap Ooze","floor":10,"gold_loss":0},{"damage_healed":0,"gold_gain":0,"player_choice":"Stole Relic","damage_taken":0,"relics_obtained":["Nunchaku"],"max_hp_gain":0,"max_hp_loss":0,"event_name":"Addict","floor":21,"gold_loss":0,"cards_obtained":["Shame"]}],"is_beta":false,"boss_relics":[{"not_picked":["SacredBark","Sozu"],"picked":"Snecko Eye"}],"items_purged_floors":[],"is_endless":false,"potions_floor_spawned":[1,3,4,6,14,16,20,25],"killed_by":"Slavers","ascension_level":19}