{"gold_per_floor":[109,124,124,139,153,153,178,178,178,103,132,132,142,217,217,217],"floor_reached":16,"playtime":650,"items_purged":[],"score":215,"play_id":"c98d32b2-1aac-4421-b672-cc7b4c3ed1a2","local_time":"20240120094014","is_ascension_mode":true,"campfire_choices":[{"data":"Tempest","floor":6,"key":"SMITH"},{"floor":8,"key":"REST"},{"data":"Redo","floor":12,"key":"SMITH"},{"floor":15,"key":"REST"}],"neow_cost":"NONE","seed_source_timestamp":532755477058800,"circlet_count":0,"master_deck":["AscendersBane","Strike_B","Strike_B","Defend_B","Defend_B","Defend_B","Defend_B","Zap","Dualcast","Tempest+1","Glacier","Doom and Gloom","Leap","Redo+1","Turbo","Self Repair+1"],"relics":["Cracked Core","Frozen Egg 2","Kunai","Pear"],"potions_floor_usage":[11],"damage_taken":[{"damage":2,"enemies":"Jaw Worm","floor":1,"turns":3},{"damage":2,"enemies":"Small Slimes","floor":2,"turns":5},{"damage":2,"enemies":"2 Louse","floor":4,"turns":3},{"damage":2,"enemies":"Large Slime","floor":5,"turns":6},{"damage":28,"enemies":"Lagavulin","floor":7,"turns":6},{"damage":26,"enemies":"Gremlin Nob","floor":11,"turns":4},{"damage":25,"enemies":"Gremlin Gang","floor":13,"turns":5},{"damage":63,"enemies":"Slime Boss","floor":16,"turns":6}],"seed_played":"987004759008248091","potions_obtained":[{"floor":4,"key":"SpeedPotion"},{"floor":11,"key":"FairyPotion"},{"floor":13,"key":"SpeedPotion"}],"is_trial":false,"path_per_floor":["M","M","?","M","M","R","E","R","T","?","E","R","M","?","R","B"],"character_chosen":"DEFECT","items_purchased":[],"campfire_rested":2,"item_purchase_floors":[],"current_hp_per_floor":[62,60,60,58,56,56,28,49,49,49,33,33,18,7,31,0],"gold":217,"neow_bonus":"TRANSFORM_CARD","is_prod":false,"is_daily":false,"chose_seed":false,"campfire_upgraded":2,"win_rate":0,"timestamp":1705772414,"path_taken":["M","M","?","M","M","R","E","R","T","?","E","R","M","?","R","BOSS"],"build_version":"2022-12-18","purchased_purges":0,"victory":false,"max_hp_per_floor":[71,71,71,71,71,71,71,71,71,71,81,81,81,81,81,81],"card_choices":[{"not_picked":["Barrage","Chill"],"picked":"Glacier","floor":1},{"not_picked":["Turbo","Go for the Eyes"],"picked":"Doom and Gloom","floor":2},{"not_picked":["Coolheaded","Heatsinks"],"picked":"Leap","floor":4},{"not_picked":["Compile Driver","Beam Cell"],"picked":"Redo","floor":5},{"not_picked":["Go for the Eyes","Rebound"],"picked":"Turbo","floor":7},{"not_picked":["Reprogram","Redo"],"picked":"Self Repair+1","floor":11},{"not_picked":["Ball Lightning","Thunder Strike","Hello World+1"],"picked":"SKIP","floor":13}],"player_experience":994240,"relics_obtained":[{"floor":7,"key":"Frozen Egg 2"},{"floor":9,"key":"Kunai"},{"floor":11,"key":"Pear"}],"event_choices":[{"damage_healed":0,"gold_gain":0,"player_choice":"Ignored","damage_taken":0,"max_hp_gain":0,"max_hp_loss":0,"event_name":"Liars Game","floor":3,"gold_loss":0},{"cards_removed":["Strike_B"],"damage_healed":0,"gold_gain":0,"player_choice":"Card Removal","damage_taken":0,"max_hp_gain":0,"max_hp_loss":0,"event_name":"The Cleric","floor":10,"gold_loss":75},{"damage_healed":0,"gold_gain":75,"player_choice":"Gather Gold","damage_taken":11,"max_hp_gain":0,"max_hp_loss":0,"event_name":"World of Goop","floor":14,"gold_loss":0}],"is_beta":false,"boss_relics":[],"items_purged_floors":[],"is_endless":false,"potions_floor_spawned":[4,11,13],"killed_by":"Slime Boss","ascension_level":19}