{"gold_per_floor":[112,130,149,162,176,176,206,206,231,246,264,278,278,303,303,375,375,395,295],"floor_reached":19,"playtime":898,"items_purged":[],"score":357,"play_id":"4e00d8dd-f176-4dcc-93d5-6a1cef90a403","local_time":"20240120092912","is_ascension_mode":true,"campfire_choices":[{"data":"Defragment","floor":6.0,"key":"SMITH"},{"data":"Creative AI","floor":13.0,"key":"SMITH"},{"data":"Aggregate","floor":15.0,"key":"SMITH"}],"neow_cost":"TEN_PERCENT_HP_LOSS","seed_source_timestamp":0,"circlet_count":0,"master_deck":["AscendersBane","Strike_B","Strike_B","Strike_B","Defend_B","Defend_B","Defend_B","Zap","Dualcast","Hologram","Streamline","Steam","Sweeping Beam","Defragment+1","Ball Lightning","Steam","Loop+1","Creative AI+1","Coolheaded","Aggregate+1","Echo Form","Turbo"],"special_seed":0,"relics":["Cracked Core","Eternal Feather","Strawberry","Boot","Black Star"],"potions_floor_usage":[],"damage_taken":[{"damage":2.0,"enemies":"Jaw Worm","floor":1.0,"turns":4.0},{"damage":0.0,"enemies":"Cultist","floor":2.0,"turns":3.0},{"damage":5.0,"enemies":"Small Slimes","floor":3.0,"turns":3.0},{"damage":1.0,"enemies":"2 Fungi Beasts","floor":4.0,"turns":3.0},{"damage":4.0,"enemies":"Lots of Slimes","floor":5.0,"turns":3.0},{"damage":5.0,"enemies":"Gremlin Nob","floor":7.0,"turns":3.0},{"damage":0.0,"enemies":"Looter","floor":10.0,"turns":2.0},{"damage":2.0,"enemies":"Large Slime","floor":11.0,"turns":4.0},{"damage":0.0,"enemies":"Exordium Wildlife","floor":12.0,"turns":2.0},{"damage":11.0,"enemies":"3 Sentries","floor":14.0,"turns":7.0},{"damage":28.0,"enemies":"The Guardian","floor":16.0,"turns":10.0},{"damage":29.0,"enemies":"3 Byrds","floor":18.0,"turns":5.0},{"damage":41,"enemies":"2 Thieves","floor":19,"turns":3}],"seed_played":"7575814189650528540","potions_obtained":[{"floor":3.0,"key":"Dexterity Potion"},{"floor":5.0,"key":"Strength Potion"},{"floor":7.0,"key":"Energy Potion"},{"floor":11.0,"key":"FearPotion"},{"floor":18.0,"key":"FocusPotion"}],"is_trial":false,"path_per_floor":["M","M","M","M","M","R","E","?","T","M","M","M","R","E","R","B",null,"M","M"],"character_chosen":"DEFECT","items_purchased":[],"campfire_rested":0,"item_purchase_floors":[],"current_hp_per_floor":[62,62,57,56,52,52,47,47,54,54,52,52,61,50,62,34,62,33,0],"gold":295,"neow_bonus":"TRANSFORM_TWO_CARDS","is_prod":false,"is_daily":false,"chose_seed":false,"campfire_upgraded":3,"win_rate":0,"timestamp":1705771752,"path_taken":["M","M","M","M","M","R","E","?","T","M","M","M","R","E","R","BOSS","M","M"],"build_version":"2022-12-18","purchased_purges":0,"victory":false,"max_hp_per_floor":[64,64,64,64,64,64,64,64,71,71,71,71,71,71,71,71,71,71,71],"card_choices":[{"not_picked":["Barrage","Redo"],"picked":"Steam","floor":1.0},{"not_picked":["Sweeping Beam","Steam Power","Redo"],"picked":"SKIP","floor":2.0},{"not_picked":["Steam Power","Redo"],"picked":"Sweeping Beam","floor":2.0},{"not_picked":["Melter","Conserve Battery"],"picked":"Defragment","floor":3.0},{"not_picked":["Fusion","Conserve Battery"],"picked":"Ball Lightning","floor":4.0},{"not_picked":["Compile Driver","White Noise"],"picked":"Steam","floor":5.0},{"not_picked":["Go for the Eyes","Scrape"],"picked":"Loop","floor":7.0},{"not_picked":["Steam","Barrage","Static Discharge"],"picked":"SKIP","floor":10.0},{"not_picked":["Rebound","Loop"],"picked":"Creative AI","floor":11.0},{"not_picked":["Heatsinks","Turbo"],"picked":"Coolheaded","floor":12.0},{"not_picked":["Meteor Strike","Streamline"],"picked":"Aggregate","floor":14.0},{"not_picked":["Core Surge","All For One"],"picked":"Echo Form","floor":16.0},{"not_picked":["Rebound","Hologram"],"picked":"Turbo","floor":18.0}],"player_experience":993342,"relics_obtained":[{"floor":7.0,"key":"Eternal Feather"},{"floor":9.0,"key":"Strawberry"},{"floor":14.0,"key":"Boot"}],"event_choices":[{"damage_healed":0.0,"max_hp_gain":0.0,"max_hp_loss":0.0,"gold_gain":0.0,"event_name":"Upgrade Shrine","player_choice":"Upgraded","floor":8.0,"gold_loss":0.0,"damage_taken":0.0,"cards_upgraded":["Loop"]}],"is_beta":false,"boss_relics":[{"not_picked":["Ectoplasm","Cursed Key"],"picked":"Black Star"}],"items_purged_floors":[],"is_endless":false,"potions_floor_spawned":[3,5,7,11,12,18],"killed_by":"2 Thieves","ascension_level":19}