{"gold_per_floor":[118,43,43,54,71,103,116,116,140,172,184,109,134,134,134,211,211,224,149,183,183,199,199,214,231,231,248,70,70,98,18,18,95,95,114,336,152,152,164,164,193,193,193,222,235,270,30,30,30,30],"floor_reached":51,"playtime":2463,"items_purged":["Defend_B","Strike_B"],"score":1505,"play_id":"b9533dfe-f5ae-4bab-abba-4c2cb97e0551","local_time":"20240124221731","is_ascension_mode":true,"campfire_choices":[{"data":"Biased Cognition","floor":8.0,"key":"SMITH"},{"floor":15.0,"key":"REST"},{"floor":23.0,"key":"REST"},{"floor":29.0,"key":"REST"},{"data":"Hologram","floor":32.0,"key":"SMITH"},{"data":"Coolheaded","floor":40.0,"key":"SMITH"},{"floor":42.0,"key":"REST"},{"floor":49,"key":"REST"}],"neow_cost":"NONE","seed_source_timestamp":0,"circlet_count":0,"master_deck":["AscendersBane","Strike_B","Defend_B","Defend_B","Zap","Dualcast","Leap","Rip and Tear+1","Cold Snap+1","Beam Cell","Biased Cognition+1","Go for the Eyes","Hologram","Leap","Redo","Core Surge","Leap","Glacier","Coolheaded+1","Biased Cognition+1","Ball Lightning","Darkness","Bandage Up","Hologram+1","Blizzard","Creative AI+1","Sweeping Beam","Self Repair+1","Cold Snap+1","Rebound","Ball Lightning","Machine Learning+1","Storm+1","Redo"],"special_seed":0,"relics":["Cracked Core","NeowsBlessing","DataDisk","Whetstone","Omamori","Frozen Egg 2","SlaversCollar","Red Mask","Bottled Flame","Blue Candle","Cursed Key","Regal Pillow","Happy Flower","Bag of Marbles","Dream Catcher","Strange Spoon"],"potions_floor_usage":[50],"damage_taken":[{"damage":0.0,"enemies":"2 Louse","floor":1.0,"turns":1.0},{"damage":0.0,"enemies":"Cultist","floor":4.0,"turns":1.0},{"damage":0.0,"enemies":"Jaw Worm","floor":5.0,"turns":1.0},{"damage":13.0,"enemies":"Lagavulin","floor":6.0,"turns":5.0},{"damage":0.0,"enemies":"Looter","floor":7.0,"turns":2.0},{"damage":20.0,"enemies":"Gremlin Nob","floor":10.0,"turns":4.0},{"damage":10.0,"enemies":"Large Slime","floor":11.0,"turns":3.0},{"damage":20.0,"enemies":"3 Sentries","floor":13.0,"turns":6.0},{"damage":9.0,"enemies":"The Guardian","floor":16.0,"turns":11.0},{"damage":25.0,"enemies":"Shell Parasite","floor":18.0,"turns":6.0},{"damage":23.0,"enemies":"Masked Bandits","floor":20.0,"turns":5.0},{"damage":0.0,"enemies":"Chosen","floor":22.0,"turns":3.0},{"damage":9.0,"enemies":"Centurion and Healer","floor":24.0,"turns":24.0},{"damage":2.0,"enemies":"Shelled Parasite and Fungi","floor":25.0,"turns":7.0},{"damage":9.0,"enemies":"Snake Plant","floor":27.0,"turns":4.0},{"damage":0.0,"enemies":"Gremlin Leader","floor":30.0,"turns":7.0},{"damage":16.0,"enemies":"Champ","floor":33.0,"turns":9.0},{"damage":35.0,"enemies":"3 Darklings","floor":35.0,"turns":7.0},{"damage":13.0,"enemies":"Orb Walker","floor":39.0,"turns":4.0},{"damage":7.0,"enemies":"Nemesis","floor":41.0,"turns":7.0},{"damage":58.0,"enemies":"Giant Head","floor":44.0,"turns":10.0},{"damage":21.0,"enemies":"Transient","floor":45.0,"turns":6.0},{"damage":8.0,"enemies":"Nemesis","floor":46.0,"turns":9.0},{"damage":10,"enemies":"Time Eater","floor":50,"turns":11}],"seed_played":"-8771710430022249158","potions_obtained":[{"floor":1.0,"key":"BlessingOfTheForge"},{"floor":4.0,"key":"CultistPotion"},{"floor":6.0,"key":"Swift Potion"},{"floor":10.0,"key":"Dexterity Potion"},{"floor":13.0,"key":"BlessingOfTheForge"},{"floor":27.0,"key":"DistilledChaos"},{"floor":30.0,"key":"LiquidMemories"},{"floor":33.0,"key":"FearPotion"},{"floor":35.0,"key":"FocusPotion"},{"floor":39.0,"key":"CultistPotion"}],"is_trial":false,"path_per_floor":["M","$","?","M","M","E","M","R","T","E","M","$","E","?","R","B",null,"M","?","?","?","M","R","M","M","T","M","$","R","E","$","R","B",null,"M","?","$","?","M","R","E","R","T","E","M","E","$","?","R","B",null],"character_chosen":"DEFECT","items_purchased":["Rip and Tear","Darkness","Bandage Up","Blizzard","Self Repair+1","Storm+1","Strange Spoon"],"campfire_rested":5,"item_purchase_floors":[2,28,28,31,37,47,47],"current_hp_per_floor":[64,64,64,64,64,51,51,51,51,31,21,21,1,24,45,36,62,37,37,14,14,14,35,26,24,24,15,15,36,40,40,40,28,60,29,29,29,29,30,30,37,71,71,23,16,22,22,22,58,66],"gold":30,"neow_bonus":"THREE_ENEMY_KILL","is_prod":false,"is_daily":false,"chose_seed":false,"campfire_upgraded":3,"win_rate":0,"timestamp":1706163451,"path_taken":["M","$","?","M","?","E","?","R","T","E","M","$","E","?","R","BOSS","M","?","?","?","?","R","M","M","T","M","$","R","E","$","R","BOSS","M","?","$","?","M","R","E","R","T","E","M","E","$","?","R","BOSS"],"build_version":"2022-12-18","purchased_purges":2,"victory":true,"max_hp_per_floor":[71,71,71,71,71,71,71,71,71,71,71,71,71,71,71,71,71,71,71,71,71,71,71,71,71,71,71,71,71,71,71,71,71,71,71,71,71,71,71,71,71,71,71,71,71,71,71,71,71,71],"card_choices":[{"not_picked":["Aggregate","Compile Driver"],"picked":"Leap","floor":1.0},{"not_picked":["Fusion","Recycle"],"picked":"Cold Snap","floor":4.0},{"not_picked":["Rip and Tear","Heatsinks"],"picked":"Beam Cell","floor":5.0},{"not_picked":["Redo","Self Repair"],"picked":"Biased Cognition","floor":6.0},{"not_picked":["Gash","Compile Driver"],"picked":"Go for the Eyes","floor":7.0},{"not_picked":["Sweeping Beam","Streamline"],"picked":"Hologram","floor":10.0},{"not_picked":["Steam","Auto Shields"],"picked":"Leap","floor":11.0},{"not_picked":["Force Field","Blizzard"],"picked":"Redo","floor":13.0},{"not_picked":["Biased Cognition+1","All For One"],"picked":"Core Surge","floor":16.0},{"not_picked":["Tempest","Beam Cell"],"picked":"Leap","floor":18.0},{"not_picked":["Fusion","Go for the Eyes"],"picked":"Glacier","floor":22.0},{"not_picked":["Go for the Eyes+1","BootSequence"],"picked":"Coolheaded","floor":24.0},{"not_picked":["Barrage","Go for the Eyes"],"picked":"Biased Cognition+1","floor":25.0},{"not_picked":["Static Discharge+1","Steam"],"picked":"Ball Lightning","floor":27.0},{"not_picked":["Leap","Redo"],"picked":"Hologram","floor":30.0},{"not_picked":["Biased Cognition+1","Reboot"],"picked":"Creative AI+1","floor":33.0},{"not_picked":["Leap","Beam Cell"],"picked":"Sweeping Beam","floor":35.0},{"not_picked":["Turbo","Sweeping Beam+1"],"picked":"Cold Snap+1","floor":39.0},{"not_picked":["Turbo","Steam+1"],"picked":"Rebound","floor":41.0},{"not_picked":["Conserve Battery","Compile Driver","Hologram+1"],"picked":"SKIP","floor":44.0},{"not_picked":["Beam Cell","Reprogram"],"picked":"Ball Lightning","floor":45.0},{"not_picked":["Electrodynamics+1","Gash"],"picked":"Machine Learning+1","floor":46.0},{"not_picked":["Capacitor+1","Chaos"],"picked":"Redo","floor":49}],"player_experience":999752,"relics_obtained":[{"floor":6.0,"key":"DataDisk"},{"floor":9.0,"key":"Whetstone"},{"floor":10.0,"key":"Omamori"},{"floor":13.0,"key":"Frozen Egg 2"},{"floor":20.0,"key":"Red Mask"},{"floor":26.0,"key":"Bottled Flame"},{"floor":30.0,"key":"Blue Candle"},{"floor":41.0,"key":"Regal Pillow"},{"floor":43.0,"key":"Happy Flower"},{"floor":44.0,"key":"Bag of Marbles"},{"floor":46.0,"key":"Dream Catcher"}],"event_choices":[{"cards_removed":["Strike_B"],"damage_healed":0.0,"max_hp_gain":0.0,"max_hp_loss":0.0,"gold_gain":0.0,"event_name":"Bonfire Elementals","player_choice":"Offered Basic","floor":3.0,"gold_loss":0.0,"damage_taken":0.0},{"damage_healed":23.0,"max_hp_gain":0.0,"max_hp_loss":0.0,"gold_gain":0.0,"event_name":"Big Fish","player_choice":"Banana","floor":14.0,"gold_loss":0.0,"damage_taken":0.0},{"cards_removed":["Defend_B"],"damage_healed":0.0,"max_hp_gain":0.0,"max_hp_loss":0.0,"gold_gain":0.0,"event_name":"Beggar","player_choice":"Gave Gold","floor":19.0,"gold_loss":75.0,"damage_taken":0.0},{"damage_healed":0.0,"max_hp_gain":0.0,"max_hp_loss":0.0,"gold_gain":0.0,"event_name":"Masked Bandits","player_choice":"Fought Bandits","floor":20.0,"gold_loss":0.0,"damage_taken":0.0},{"damage_healed":0.0,"max_hp_gain":0.0,"max_hp_loss":0.0,"gold_gain":0.0,"event_name":"Forgotten Altar","player_choice":"Smashed Altar","floor":21.0,"gold_loss":0.0,"damage_taken":0.0,"cards_obtained":["Decay"]},{"damage_healed":0.0,"max_hp_gain":0.0,"max_hp_loss":0.0,"gold_gain":222.0,"event_name":"Tomb of Lord Red Mask","player_choice":"Wore Mask","floor":36.0,"gold_loss":0.0,"damage_taken":0.0},{"cards_removed":["Strike_B"],"damage_healed":0.0,"max_hp_gain":0.0,"max_hp_loss":0.0,"gold_gain":0.0,"event_name":"Falling","player_choice":"Removed Attack","floor":38.0,"gold_loss":0.0,"damage_taken":0.0},{"damage_healed":0,"gold_gain":0,"player_choice":"Ignored","damage_taken":0,"max_hp_gain":0,"max_hp_loss":0,"event_name":"Mysterious Sphere","floor":48,"gold_loss":0}],"is_beta":false,"boss_relics":[{"not_picked":["Philosopher\u0027s Stone","Runic Dome"],"picked":"SlaversCollar"},{"not_picked":["Tiny House","Runic Pyramid"],"picked":"Cursed Key"}],"items_purged_floors":[12,37],"is_endless":false,"potions_floor_spawned":[1,4,6,10,13,27,30,33,35,39],"ascension_level":19}