{"gold_per_floor":[115,132,132,149,19,52,52,78,78,78,78,78,98,23,23,100,100,112,129,148,148,48,76,76,76,76,89,104,121,121,154,154,231,231,244,271,271,287,297,297,310,320,343,370,370,124,141,141,141,141],"floor_reached":50,"playtime":3463,"items_purged":["Strike_B","Strike_B"],"score":1194,"play_id":"40cf8d32-7ead-4cf3-a39c-9ef759998c70","local_time":"20240214165434","is_ascension_mode":true,"campfire_choices":[{"data":"Defragment","floor":7.0,"key":"SMITH"},{"data":"Darkness","floor":10.0,"key":"SMITH"},{"data":"Auto Shields","floor":12.0,"key":"SMITH"},{"floor":15.0,"key":"REST"},{"floor":24.0,"key":"REST"},{"floor":30.0,"key":"REST"},{"floor":32.0,"key":"REST"},{"floor":40.0,"key":"REST"},{"floor":49,"key":"REST"}],"neow_cost":"TEN_PERCENT_HP_LOSS","seed_source_timestamp":0,"circlet_count":0,"master_deck":["AscendersBane","Strike_B","Defend_B","Defend_B","Defend_B","Zap","Dualcast","Gash","Lockon","Darkness+1","Ball Lightning","Defragment+1","Auto Shields+1","Cold Snap","Seek+1","Leap","Chill+1","Redo","Coolheaded","Buffer","Buffer","Coolheaded+1","Redo","Hologram+1","Glacier","Blizzard+1"],"special_seed":0,"relics":["FrozenCore","Pocketwatch","Mummified Hand","Letter Opener","Juzu Bracelet","Nloth\u0027s Gift","InkBottle","Darkstone Periapt","SlaversCollar","Vajra","Toy Ornithopter","Symbiotic Virus","ClockworkSouvenir"],"potions_floor_usage":[47],"damage_taken":[{"damage":0.0,"enemies":"2 Louse","floor":1.0,"turns":2.0},{"damage":1.0,"enemies":"Cultist","floor":2.0,"turns":3.0},{"damage":2.0,"enemies":"Jaw Worm","floor":4.0,"turns":3.0},{"damage":30.0,"enemies":"3 Sentries","floor":6.0,"turns":7.0},{"damage":0.0,"enemies":"Lagavulin","floor":8.0,"turns":4.0},{"damage":1.0,"enemies":"3 Louse","floor":13.0,"turns":3.0},{"damage":19.0,"enemies":"Slime Boss","floor":16.0,"turns":6.0},{"damage":1.0,"enemies":"3 Byrds","floor":18.0,"turns":5.0},{"damage":0.0,"enemies":"Chosen","floor":19.0,"turns":3.0},{"damage":2.0,"enemies":"Snecko","floor":20.0,"turns":4.0},{"damage":48.0,"enemies":"Gremlin Leader","floor":23.0,"turns":11.0},{"damage":0.0,"enemies":"Centurion and Healer","floor":27.0,"turns":6.0},{"damage":2.0,"enemies":"Snake Plant","floor":28.0,"turns":3.0},{"damage":0.0,"enemies":"Cultist and Chosen","floor":29.0,"turns":5.0},{"damage":30.0,"enemies":"Book of Stabbing","floor":31.0,"turns":6.0},{"damage":4.0,"enemies":"Champ","floor":33.0,"turns":14.0},{"damage":5.0,"enemies":"3 Darklings","floor":35.0,"turns":9.0},{"damage":9.0,"enemies":"3 Shapes","floor":38.0,"turns":5.0},{"damage":21.0,"enemies":"Transient","floor":39.0,"turns":6.0},{"damage":11,"enemies":"Maw","floor":41,"turns":5},{"damage":13,"enemies":"4 Shapes","floor":42,"turns":7},{"damage":0,"enemies":"Nemesis","floor":44,"turns":7},{"damage":13,"enemies":"Writhing Mass","floor":47,"turns":9},{"damage":27,"enemies":"Time Eater","floor":50,"turns":11}],"seed_played":"2969978361918205851","potions_obtained":[{"floor":4.0,"key":"Ancient Potion"},{"floor":6.0,"key":"EssenceOfDarkness"},{"floor":18.0,"key":"Energy Potion"},{"floor":20.0,"key":"Strength Potion"},{"floor":23.0,"key":"Dexterity Potion"},{"floor":29.0,"key":"EntropicBrew"},{"floor":39.0,"key":"EssenceOfSteel"},{"floor":41,"key":"EssenceOfDarkness"},{"floor":44,"key":"Dexterity Potion"}],"is_trial":false,"path_per_floor":["M","M","?","M","$","E","R","E","T","R","$","R","M","?","R","B",null,"M","M","M","?","$","E","R","?","T","M","M","M","R","E","R","B",null,"M","T","?","M","M","R","M","M","T","E","?","$","M","?","R","B"],"character_chosen":"DEFECT","items_purchased":["Ball Lightning","Glacier","ClockworkSouvenir"],"campfire_rested":6,"item_purchase_floors":[5,46,46],"current_hp_per_floor":[64,63,63,61,61,31,31,31,31,31,31,31,30,30,49,30,56,55,55,53,53,53,5,24,24,24,24,22,22,41,11,30,26,55,50,50,50,41,20,39,28,15,15,15,15,15,7,7,25,0],"gold":141,"neow_bonus":"ONE_RARE_RELIC","is_prod":false,"is_daily":false,"chose_seed":false,"campfire_upgraded":3,"win_rate":0,"timestamp":1707958474,"path_taken":["M","M","?","?","$","E","R","E","T","R","$","R","M","?","R","BOSS","M","M","M","?","?","E","R","?","T","M","M","M","R","E","R","BOSS","M","?","?","M","M","R","M","M","T","E","?","$","M","?","R","BOSS"],"build_version":"2022-12-18","purchased_purges":2,"victory":false,"max_hp_per_floor":[64,64,64,64,64,64,64,64,64,64,64,64,64,64,64,64,64,64,64,64,64,64,64,64,64,64,64,64,64,64,64,64,64,64,64,64,64,64,64,64,64,64,64,64,61,61,61,61,61,61],"card_choices":[{"not_picked":["Barrage","Aggregate"],"picked":"Gash","floor":1.0},{"not_picked":["Steam","Streamline"],"picked":"Lockon","floor":2.0},{"not_picked":["Static Discharge","Steam"],"picked":"Darkness","floor":4.0},{"not_picked":["Machine Learning","Beam Cell"],"picked":"Defragment","floor":6.0},{"not_picked":["Aggregate","Melter"],"picked":"Auto Shields","floor":8.0},{"not_picked":["Stack","Doom and Gloom"],"picked":"Cold Snap","floor":13.0},{"not_picked":["Fission","Core Surge"],"picked":"Seek","floor":16.0},{"not_picked":["Storm+1","Force Field","Conserve Battery"],"picked":"SKIP","floor":18.0},{"not_picked":["Scrape","Go for the Eyes","Beam Cell"],"picked":"SKIP","floor":19.0},{"not_picked":["Scrape","Go for the Eyes","Beam Cell"],"picked":"SKIP","floor":19.0},{"not_picked":["Beam Cell","Steam Power"],"picked":"Leap","floor":20.0},{"not_picked":["Streamline","Sweeping Beam","Barrage"],"picked":"SKIP","floor":23.0},{"not_picked":["Hyperbeam","Hello World"],"picked":"Chill+1","floor":27.0},{"not_picked":["Steam","Hologram"],"picked":"Redo","floor":28.0},{"not_picked":["Sweeping Beam","Chaos"],"picked":"Coolheaded","floor":29.0},{"not_picked":["All For One","Recycle"],"picked":"Buffer","floor":31.0},{"not_picked":["Multi-Cast","Core Surge"],"picked":"Buffer","floor":33.0},{"not_picked":["Auto Shields+1","Sweeping Beam","Beam Cell"],"picked":"SKIP","floor":35.0},{"not_picked":["Streamline","Conserve Battery+1","Rip and Tear+1"],"picked":"SKIP","floor":38.0},{"not_picked":["Darkness","Electrodynamics"],"picked":"Coolheaded+1","floor":39.0},{"not_picked":["FTL","Hologram"],"picked":"Redo","floor":41},{"not_picked":["Steam+1","Leap","Go for the Eyes"],"picked":"SKIP","floor":42},{"not_picked":["Reboot","Seek"],"picked":"Hologram+1","floor":44},{"not_picked":["Rebound","Sweeping Beam"],"picked":"Blizzard+1","floor":47}],"player_experience":1009092,"relics_obtained":[{"floor":6.0,"key":"Blue Candle"},{"floor":8.0,"key":"Mummified Hand"},{"floor":9.0,"key":"Letter Opener"},{"floor":23.0,"key":"Juzu Bracelet"},{"floor":26.0,"key":"InkBottle"},{"floor":31.0,"key":"Darkstone Periapt"},{"floor":36.0,"key":"Vajra"},{"floor":43,"key":"Toy Ornithopter"},{"floor":44,"key":"Symbiotic Virus"}],"event_choices":[{"damage_healed":0.0,"max_hp_gain":0.0,"max_hp_loss":0.0,"gold_gain":0.0,"event_name":"Match and Keep!","player_choice":"0 cards matched","floor":3.0,"gold_loss":0.0,"damage_taken":0.0,"cards_obtained":[]},{"cards_removed":["Strike_B"],"damage_healed":0.0,"max_hp_gain":0.0,"max_hp_loss":0.0,"gold_gain":0.0,"event_name":"The Cleric","player_choice":"Card Removal","floor":14.0,"gold_loss":75.0,"damage_taken":0.0},{"damage_healed":0.0,"max_hp_gain":0.0,"max_hp_loss":0.0,"gold_gain":0.0,"event_name":"Accursed Blacksmith","player_choice":"Forge","floor":21.0,"gold_loss":0.0,"damage_taken":0.0,"cards_upgraded":["Seek"]},{"damage_healed":0.0,"max_hp_gain":0.0,"max_hp_loss":0.0,"gold_gain":0.0,"event_name":"N\u0027loth","player_choice":"Traded Relic","floor":25.0,"relics_lost":["Blue Candle"],"gold_loss":0.0,"damage_taken":0.0,"relics_obtained":["Nloth\u0027s Gift"]},{"cards_removed":["Defend_B"],"damage_healed":0.0,"max_hp_gain":0.0,"max_hp_loss":0.0,"gold_gain":0.0,"event_name":"Falling","player_choice":"Removed Skill","floor":37.0,"gold_loss":0.0,"damage_taken":0.0},{"damage_healed":0,"gold_gain":0,"player_choice":"Max HP","damage_taken":0,"max_hp_gain":0,"max_hp_loss":3,"event_name":"Winding Halls","floor":45,"gold_loss":0},{"damage_healed":0,"gold_gain":0,"player_choice":"Ignored","damage_taken":0,"max_hp_gain":0,"max_hp_loss":0,"event_name":"Mysterious Sphere","floor":48,"gold_loss":0}],"is_beta":false,"boss_relics":[{"not_picked":["Busted Crown","Runic Pyramid"],"picked":"FrozenCore"},{"not_picked":["Runic Dome","Sozu"],"picked":"SlaversCollar"}],"items_purged_floors":[5,22],"is_endless":false,"potions_floor_spawned":[4,6,18,20,23,27,29,39,41,44],"killed_by":"Time Eater","ascension_level":20}