{"gold_per_floor":[360,285,44,44,63,63,93,93,93,109,139,156,49,79,79,79],"floor_reached":16,"playtime":555,"items_purged":["Strike_B"],"score":236,"play_id":"5c91a0a0-0f74-468b-9e88-4bbc67d16e23","local_time":"20240225192948","is_ascension_mode":true,"campfire_choices":[{"data":"Zap","floor":6.0,"key":"SMITH"},{"floor":8.0,"key":"REST"},{"floor":15,"key":"REST"}],"neow_cost":"TEN_PERCENT_HP_LOSS","seed_source_timestamp":353414453135100,"circlet_count":0,"master_deck":["AscendersBane","Strike_B","Strike_B","Defend_B","Defend_B","Defend_B+1","Defend_B","Zap+1","Dualcast+1","Gash","Leap","Hologram","Rebound","Go for the Eyes","Gash","Leap","Turbo"],"special_seed":0,"relics":["Cracked Core","OrangePellets","Frozen Egg 2","Shuriken","War Paint","Ancient Tea Set"],"potions_floor_usage":[14,14],"damage_taken":[{"damage":0.0,"enemies":"Jaw Worm","floor":1.0,"turns":3.0},{"damage":7.0,"enemies":"Small Slimes","floor":5.0,"turns":4.0},{"damage":50.0,"enemies":"Gremlin Nob","floor":7.0,"turns":4.0},{"damage":0.0,"enemies":"2 Louse","floor":10.0,"turns":2.0},{"damage":28.0,"enemies":"3 Sentries","floor":11.0,"turns":9.0},{"damage":0.0,"enemies":"2 Fungi Beasts","floor":12.0,"turns":2.0},{"damage":3,"enemies":"Lagavulin","floor":14,"turns":5},{"damage":29,"enemies":"Slime Boss","floor":16,"turns":8}],"seed_played":"5711935541940914753","potions_obtained":[{"floor":5.0,"key":"DuplicationPotion"},{"floor":7.0,"key":"SneckoOil"},{"floor":10.0,"key":"FocusPotion"},{"floor":12.0,"key":"LiquidBronze"}],"is_trial":false,"path_per_floor":["M","?","$","?","M","R","E","R","T","M","E","M","$","E","R","B"],"character_chosen":"DEFECT","items_purchased":["OrangePellets","Leap","AttackPotion"],"campfire_rested":2,"item_purchase_floors":[3,13,13],"current_hp_per_floor":[64,64,64,69,62,62,12,32,32,32,4,4,4,1,21,0],"gold":79,"neow_bonus":"TWO_FIFTY_GOLD","is_prod":false,"is_daily":false,"chose_seed":false,"campfire_upgraded":1,"win_rate":0,"timestamp":1708918188,"path_taken":["M","?","$","?","M","R","E","R","T","M","E","?","$","E","R","BOSS"],"build_version":"2022-12-18","purchased_purges":1,"victory":false,"max_hp_per_floor":[64,64,64,69,69,69,69,69,69,69,69,69,69,69,69,69],"card_choices":[{"not_picked":["Beam Cell","Turbo"],"picked":"Gash","floor":1.0},{"not_picked":["Hello World","Conserve Battery"],"picked":"Leap","floor":5.0},{"not_picked":["Consume","Capacitor+1"],"picked":"Hologram","floor":7.0},{"not_picked":["Rip and Tear","Steam"],"picked":"Rebound","floor":10.0},{"not_picked":["Leap","Reprogram"],"picked":"Go for the Eyes","floor":11.0},{"not_picked":["Leap","Rainbow"],"picked":"Gash","floor":12.0},{"not_picked":["Gash","Stack"],"picked":"Turbo","floor":14}],"player_experience":1019748,"relics_obtained":[{"floor":7.0,"key":"Frozen Egg 2"},{"floor":9.0,"key":"Shuriken"},{"floor":11.0,"key":"War Paint"},{"floor":14,"key":"Ancient Tea Set"}],"event_choices":[{"cards_removed":["Strike_B"],"damage_healed":0.0,"max_hp_gain":0.0,"max_hp_loss":0.0,"gold_gain":0.0,"event_name":"The Cleric","player_choice":"Card Removal","floor":2.0,"gold_loss":75.0,"damage_taken":0.0},{"damage_healed":0.0,"max_hp_gain":5.0,"max_hp_loss":0.0,"gold_gain":0.0,"event_name":"Big Fish","player_choice":"Donut","floor":4.0,"gold_loss":0.0,"damage_taken":0.0}],"is_beta":false,"boss_relics":[],"items_purged_floors":[3],"is_endless":false,"potions_floor_spawned":[5,7,10,12],"killed_by":"Slime Boss","ascension_level":20}