{"gold_per_floor":[109,121,196,216,47,47,80,94,94,109,109,142,158,170,170,248,248,264,264,264,279,297,331,331,331,331,331,345,345,359,376,376,376],"floor_reached":33,"playtime":1471,"items_purged":["Strike_B"],"score":752,"play_id":"63a23317-47d8-4ca7-86ab-15ec8fd9e5f7","local_time":"20240215200205","is_ascension_mode":true,"campfire_choices":[{"data":"Zap","floor":6.0,"key":"SMITH"},{"floor":11.0,"key":"REST"},{"data":"1","floor":15.0,"key":"LIFT"},{"floor":24.0,"key":"REST"},{"floor":27.0,"key":"REST"},{"floor":29,"key":"REST"},{"floor":32,"key":"REST"}],"neow_cost":"NONE","seed_source_timestamp":0,"circlet_count":0,"master_deck":["AscendersBane","Strike_B","Strike_B","Defend_B","Defend_B","Zap+1","Dualcast","Lockon","Auto Shields","Cold Snap","Coolheaded","Glacier","Go for the Eyes","Gash","All For One","Beam Cell","Machine Learning","Undo","Doom and Gloom","Chill","Turbo","Recycle+1","Coolheaded","Redo","Compile Driver","Loop+1"],"special_seed":0,"relics":["Cracked Core","Vajra","Tiny Chest","Kunai","Girya","Empty Cage","Pantograph","Torii"],"potions_floor_usage":[],"damage_taken":[{"damage":8.0,"enemies":"Small Slimes","floor":1.0,"turns":3.0},{"damage":3.0,"enemies":"2 Louse","floor":2.0,"turns":3.0},{"damage":2.0,"enemies":"Jaw Worm","floor":4.0,"turns":3.0},{"damage":10.0,"enemies":"Lagavulin","floor":7.0,"turns":5.0},{"damage":1.0,"enemies":"Exordium Wildlife","floor":8.0,"turns":2.0},{"damage":0.0,"enemies":"3 Louse","floor":10.0,"turns":3.0},{"damage":0.0,"enemies":"Gremlin Nob","floor":12.0,"turns":3.0},{"damage":1.0,"enemies":"Looter","floor":13.0,"turns":3.0},{"damage":19.0,"enemies":"Exordium Wildlife","floor":14.0,"turns":3.0},{"damage":0.0,"enemies":"Slime Boss","floor":16.0,"turns":6.0},{"damage":19.0,"enemies":"2 Thieves","floor":18.0,"turns":4.0},{"damage":10.0,"enemies":"Chosen","floor":21.0,"turns":3.0},{"damage":4.0,"enemies":"Snake Plant","floor":22.0,"turns":4.0},{"damage":25.0,"enemies":"Book of Stabbing","floor":23.0,"turns":6.0},{"damage":0.0,"enemies":"Slavers","floor":25.0,"turns":1.0},{"damage":26,"enemies":"Shelled Parasite and Fungi","floor":28,"turns":6},{"damage":21,"enemies":"Chosen and Byrds","floor":30,"turns":7},{"damage":2,"enemies":"Centurion and Healer","floor":31,"turns":8},{"damage":87,"enemies":"Collector","floor":33,"turns":10}],"seed_played":"2748870310562182726","potions_obtained":[{"floor":1.0,"key":"Weak Potion"},{"floor":4.0,"key":"SteroidPotion"},{"floor":13.0,"key":"Fire Potion"},{"floor":16.0,"key":"Explosive Potion"},{"floor":18.0,"key":"ColorlessPotion"},{"floor":22.0,"key":"LiquidBronze"},{"floor":23.0,"key":"SmokeBomb"}],"is_trial":false,"path_per_floor":["M","M","?","M","$","R","E","M","T","M","R","E","M","M","R","B",null,"M","?","?","M","M","E","R","E","T","R","M","R","M","M","R","B"],"character_chosen":"DEFECT","items_purchased":["Doom and Gloom","Coolheaded"],"campfire_rested":5,"item_purchase_floors":[5,5],"current_hp_per_floor":[56,53,42,40,40,40,30,29,29,29,50,50,49,30,30,30,61,42,42,42,32,28,3,24,24,24,45,19,40,19,17,38,0],"gold":376,"neow_bonus":"RANDOM_COMMON_RELIC","is_prod":false,"is_daily":false,"chose_seed":false,"campfire_upgraded":1,"win_rate":0,"timestamp":1708056125,"path_taken":["M","M","?","M","$","R","E","M","T","M","R","E","M","M","R","BOSS","M","?","?","M","M","E","R","E","T","R","M","R","M","M","R","BOSS"],"build_version":"2022-12-18","purchased_purges":1,"victory":false,"max_hp_per_floor":[71,71,71,71,71,71,71,71,71,71,71,71,71,71,71,71,71,71,71,71,71,71,71,71,71,71,71,71,71,71,71,71,71],"card_choices":[{"not_picked":["Scrape","Recycle"],"picked":"Lockon","floor":1.0},{"not_picked":["Sweeping Beam","Turbo"],"picked":"Auto Shields","floor":2.0},{"not_picked":["FTL","Blizzard"],"picked":"Cold Snap","floor":4.0},{"not_picked":["Compile Driver","Double Energy"],"picked":"Glacier","floor":7.0},{"not_picked":["Compile Driver","Streamline"],"picked":"Go for the Eyes","floor":8.0},{"not_picked":["Rebound","White Noise"],"picked":"Gash","floor":10.0},{"not_picked":["Cold Snap","Redo"],"picked":"All For One","floor":12.0},{"not_picked":["Leap","Capacitor","Cold Snap"],"picked":"SKIP","floor":13.0},{"not_picked":["Cold Snap","BootSequence"],"picked":"Beam Cell","floor":14.0},{"not_picked":["Core Surge","Rainbow"],"picked":"Machine Learning","floor":16.0},{"not_picked":["Auto Shields","Sweeping Beam+1"],"picked":"Undo","floor":18.0},{"not_picked":["Conserve Battery","Sweeping Beam"],"picked":"Turbo","floor":21.0},{"not_picked":["Hello World+1","Conserve Battery"],"picked":"Recycle+1","floor":22.0},{"not_picked":["Loop","Streamline"],"picked":"Coolheaded","floor":23.0},{"not_picked":["Barrage","Beam Cell"],"picked":"Redo","floor":28},{"not_picked":["Skim","Sunder"],"picked":"Compile Driver","floor":30},{"not_picked":["Leap","Cold Snap"],"picked":"Loop+1","floor":31}],"player_experience":1012555,"relics_obtained":[{"floor":7.0,"key":"Tiny Chest"},{"floor":9.0,"key":"Kunai"},{"floor":12.0,"key":"Girya"},{"floor":23.0,"key":"Pantograph"},{"floor":26.0,"key":"Torii"}],"event_choices":[{"damage_healed":0.0,"max_hp_gain":0.0,"max_hp_loss":0.0,"gold_gain":75.0,"event_name":"World of Goop","player_choice":"Gather Gold","floor":3.0,"gold_loss":0.0,"damage_taken":11.0},{"damage_healed":0.0,"max_hp_gain":0.0,"max_hp_loss":0.0,"gold_gain":0.0,"event_name":"Ghosts","player_choice":"Ignored","floor":19.0,"gold_loss":0.0,"damage_taken":0.0},{"damage_healed":0.0,"max_hp_gain":0.0,"max_hp_loss":0.0,"gold_gain":0.0,"cards_transformed":["Defend_B","Doom and Gloom"],"event_name":"Drug Dealer","player_choice":"Became Test Subject","floor":20.0,"gold_loss":0.0,"damage_taken":0.0,"cards_obtained":["Doom and Gloom","Chill"]}],"is_beta":false,"boss_relics":[{"not_picked":["Velvet Choker","Busted Crown"],"picked":"Empty Cage"}],"items_purged_floors":[5],"is_endless":false,"potions_floor_spawned":[1,4,7,13,16,18,22,23],"killed_by":"Collector","ascension_level":20}