{"gold_per_floor":[109,384,394,21,37,37,69,96,96,130,130,47,64,82,82,159,159,179,104,154,167,187,187,222,137,137,171,171,181,181,193,193,272,272,289,113,113,130,130,159,159,159],"floor_reached":42,"playtime":3340,"items_purged":["Regret"],"score":948,"play_id":"293c003a-4f68-4727-99ae-feece59df294","local_time":"20240221180550","is_ascension_mode":true,"campfire_choices":[{"data":"Zap","floor":6.0,"key":"SMITH"},{"data":"Defragment","floor":11.0,"key":"SMITH"},{"data":"Streamline","floor":15.0,"key":"SMITH"},{"data":"Defragment","floor":23.0,"key":"SMITH"},{"data":"Seek","floor":30.0,"key":"SMITH"},{"data":"Fusion","floor":32.0,"key":"SMITH"},{"data":"Buffer","floor":41.0,"key":"SMITH"}],"neow_cost":"NONE","seed_source_timestamp":0,"circlet_count":0,"master_deck":["AscendersBane","Zap+1","Dualcast","Streamline+1","Cold Snap","Turbo","Defragment+1","Ball Lightning","Leap","Seek+1","Creative AI","FTL","Rip and Tear","Storm","Defragment+1","Chill","Buffer+1","Loop","Double Energy+1","Self Repair","Steam Power","Rebound","BootSequence","Undo","Fusion+1","Reboot","Hologram+1","Self Repair","PanicButton","Stack"],"special_seed":0,"relics":["Cracked Core","NeowsBlessing","Bag of Preparation","Eternal Feather","Odd Mushroom","Pantograph","Matryoshka","Pandora\u0027s Box","Symbiotic Virus","Bag of Marbles","Gremlin Horn","Juzu Bracelet","Philosopher\u0027s Stone","Centennial Puzzle"],"potions_floor_usage":[42],"damage_taken":[{"damage":0.0,"enemies":"2 Louse","floor":1.0,"turns":1.0},{"damage":0.0,"enemies":"Cultist","floor":3.0,"turns":1.0},{"damage":0.0,"enemies":"Jaw Worm","floor":5.0,"turns":1.0},{"damage":13.0,"enemies":"3 Sentries","floor":7.0,"turns":6.0},{"damage":5.0,"enemies":"The Mushroom Lair","floor":8.0,"turns":3.0},{"damage":25.0,"enemies":"Lagavulin","floor":10.0,"turns":5.0},{"damage":13.0,"enemies":"Exordium Thugs","floor":13.0,"turns":4.0},{"damage":0.0,"enemies":"Red Slaver","floor":14.0,"turns":3.0},{"damage":18.0,"enemies":"The Guardian","floor":16.0,"turns":9.0},{"damage":0.0,"enemies":"Spheric Guardian","floor":18.0,"turns":3.0},{"damage":0.0,"enemies":"Chosen","floor":21.0,"turns":4.0},{"damage":0.0,"enemies":"Snake Plant","floor":22.0,"turns":2.0},{"damage":29.0,"enemies":"Gremlin Leader","floor":24.0,"turns":6.0},{"damage":14.0,"enemies":"Book of Stabbing","floor":27.0,"turns":4.0},{"damage":4.0,"enemies":"Centurion and Healer","floor":29.0,"turns":4.0},{"damage":14.0,"enemies":"Snecko","floor":31.0,"turns":4.0},{"damage":41.0,"enemies":"Champ","floor":33.0,"turns":9.0},{"damage":10.0,"enemies":"3 Shapes","floor":35.0,"turns":5.0},{"damage":16.0,"enemies":"3 Darklings","floor":38.0,"turns":5.0},{"damage":56.0,"enemies":"Reptomancer","floor":40.0,"turns":7.0},{"damage":71,"enemies":"Giant Head","floor":42,"turns":7}],"seed_played":"6645170713234188998","potions_obtained":[{"floor":8.0,"key":"EssenceOfDarkness"},{"floor":10.0,"key":"SkillPotion"},{"floor":18.0,"key":"SkillPotion"},{"floor":27.0,"key":"CultistPotion"},{"floor":29.0,"key":"Energy Potion"},{"floor":33.0,"key":"Dexterity Potion"},{"floor":35.0,"key":"Weak Potion"}],"is_trial":false,"path_per_floor":["M","?","M","$","M","R","E","?","T","E","R","$","M","M","R","B",null,"M","?","?","M","M","R","E","?","T","E","?","M","R","M","R","B",null,"M","$","?","M","?","E","R","E"],"character_chosen":"DEFECT","items_purchased":["Tempest","Bag of Preparation","Fire Potion","Seek","Self Repair","PanicButton"],"campfire_rested":0,"item_purchase_floors":[4,4,4,12,36,36],"current_hp_per_floor":[64,64,64,64,64,64,51,46,46,21,30,30,17,17,26,33,62,62,62,62,62,69,71,49,49,49,42,42,45,57,43,58,37,63,60,60,60,58,58,16,34,0],"gold":159,"neow_bonus":"THREE_ENEMY_KILL","is_prod":false,"is_daily":false,"chose_seed":false,"campfire_upgraded":7,"win_rate":0,"timestamp":1708567550,"path_taken":["M","?","M","$","?","R","E","?","T","E","R","?","M","M","R","BOSS","M","?","?","M","M","R","E","?","T","E","?","M","R","M","R","BOSS","M","$","?","M","?","E","R","E"],"build_version":"2022-12-18","purchased_purges":1,"victory":false,"max_hp_per_floor":[71,71,71,71,71,71,71,71,71,71,71,71,71,71,71,71,71,71,71,71,71,71,71,71,71,71,71,71,71,71,71,71,71,71,71,71,71,71,67,67,67,67],"card_choices":[{"not_picked":["Gash","Double Energy"],"picked":"Streamline","floor":1.0},{"not_picked":["Genetic Algorithm","Stack"],"picked":"Cold Snap","floor":3.0},{"not_picked":["Chill","Compile Driver"],"picked":"Turbo","floor":5.0},{"not_picked":["Redo","Sweeping Beam"],"picked":"Defragment","floor":7.0},{"not_picked":["Beam Cell","Conserve Battery"],"picked":"Ball Lightning","floor":8.0},{"not_picked":["Machine Learning","Skim"],"picked":"Leap","floor":10.0},{"not_picked":["Stack","Turbo","Compile Driver"],"picked":"SKIP","floor":13.0},{"not_picked":["Storm","Recycle","Barrage"],"picked":"SKIP","floor":14.0},{"not_picked":["Core Surge","Thunder Strike"],"picked":"Creative AI","floor":16.0},{"not_picked":["Rebound","Chaos"],"picked":"Double Energy+1","floor":18.0},{"not_picked":["BootSequence","Compile Driver"],"picked":"Self Repair","floor":21.0},{"not_picked":["FTL","Stack"],"picked":"Steam Power","floor":22.0},{"not_picked":["Storm","Gash"],"picked":"Rebound","floor":24.0},{"not_picked":["Reprogram","Compile Driver"],"picked":"BootSequence","floor":27.0},{"not_picked":["Beam Cell","Turbo"],"picked":"Undo","floor":29.0},{"not_picked":["Scrape","Cold Snap"],"picked":"Fusion","floor":31.0},{"not_picked":["Multi-Cast","Core Surge"],"picked":"Reboot","floor":33.0},{"not_picked":["Go for the Eyes","Barrage"],"picked":"Hologram+1","floor":35.0},{"not_picked":["Streamline","Ball Lightning","Gash"],"picked":"SKIP","floor":38.0},{"not_picked":["Rip and Tear","Reprogram"],"picked":"Stack","floor":40.0}],"player_experience":1015513,"relics_obtained":[{"floor":7.0,"key":"Eternal Feather"},{"floor":8.0,"key":"Odd Mushroom"},{"floor":9.0,"key":"Pantograph"},{"floor":10.0,"key":"Matryoshka"},{"floor":24.0,"key":"Symbiotic Virus"},{"floor":26.0,"key":"Gremlin Horn"},{"floor":27.0,"key":"Juzu Bracelet"},{"floor":40.0,"key":"Centennial Puzzle"}],"event_choices":[{"damage_healed":0.0,"max_hp_gain":0.0,"max_hp_loss":0.0,"gold_gain":275.0,"event_name":"Golden Shrine","player_choice":"Desecrate","floor":2.0,"gold_loss":0.0,"damage_taken":0.0,"cards_obtained":["Regret"]},{"damage_healed":0.0,"max_hp_gain":0.0,"max_hp_loss":0.0,"gold_gain":0.0,"event_name":"Mushrooms","player_choice":"Fought Mushrooms","floor":8.0,"gold_loss":0.0,"damage_taken":0.0},{"cards_removed":["Consume"],"damage_healed":0.0,"max_hp_gain":0.0,"max_hp_loss":0.0,"gold_gain":0.0,"event_name":"Beggar","player_choice":"Gave Gold","floor":19.0,"gold_loss":75.0,"damage_taken":0.0},{"damage_healed":0.0,"max_hp_gain":0.0,"max_hp_loss":0.0,"gold_gain":50.0,"event_name":"Nest","player_choice":"Stole From Cult","floor":20.0,"gold_loss":0.0,"damage_taken":0.0},{"damage_healed":0.0,"max_hp_gain":0.0,"max_hp_loss":0.0,"gold_gain":0.0,"event_name":"Addict","player_choice":"Obtained Relic","floor":25.0,"gold_loss":85.0,"damage_taken":0.0,"relics_obtained":["Bag of Marbles"]},{"cards_removed":["Tempest"],"damage_healed":0.0,"max_hp_gain":0.0,"max_hp_loss":0.0,"gold_gain":0.0,"event_name":"Back to Basics","player_choice":"Elegance","floor":28.0,"gold_loss":0.0,"damage_taken":0.0},{"damage_healed":0.0,"max_hp_gain":0.0,"max_hp_loss":0.0,"gold_gain":0.0,"event_name":"Tomb of Lord Red Mask","player_choice":"Ignored","floor":37.0,"gold_loss":0.0,"damage_taken":0.0},{"damage_healed":0.0,"max_hp_gain":0.0,"max_hp_loss":4.0,"gold_gain":0.0,"event_name":"Winding Halls","player_choice":"Max HP","floor":39.0,"gold_loss":0.0,"damage_taken":0.0}],"is_beta":false,"boss_relics":[{"not_picked":["Black Star","Snecko Eye"],"picked":"Pandora\u0027s Box"},{"not_picked":["Astrolabe","Fusion Hammer"],"picked":"Philosopher\u0027s Stone"}],"items_purged_floors":[4],"is_endless":false,"potions_floor_spawned":[8,10,14,18,27,29,33,35],"killed_by":"Giant Head","ascension_level":20}