{"gold_per_floor":[113,113,113,131,146,171,184,184,229,229,245,260,260],"floor_reached":13,"playtime":418,"items_purged":[],"score":174,"play_id":"0f08f336-a26e-42cf-b4b2-a6150663e57e","local_time":"20240215200913","is_ascension_mode":true,"campfire_choices":[{"floor":8,"key":"REST"},{"data":"Zap","floor":10,"key":"SMITH"}],"neow_cost":"TEN_PERCENT_HP_LOSS","seed_source_timestamp":2185233191951000,"circlet_count":0,"master_deck":["AscendersBane","Strike_B","Strike_B+1","Strike_B+1","Strike_B","Defend_B","Defend_B","Defend_B","Zap+1","Dualcast","Genetic Algorithm","Ball Lightning","Ball Lightning","Steam","Hologram"],"relics":["Cracked Core","StoneCalendar","GremlinMask","Singing Bowl","Whetstone"],"potions_floor_usage":[13],"damage_taken":[{"damage":2,"enemies":"Jaw Worm","floor":1,"turns":3},{"damage":1,"enemies":"Cultist","floor":4,"turns":4},{"damage":0,"enemies":"2 Louse","floor":5,"turns":3},{"damage":35,"enemies":"3 Sentries","floor":6,"turns":6},{"damage":7,"enemies":"Exordium Thugs","floor":7,"turns":4},{"damage":20,"enemies":"Gremlin Gang","floor":11,"turns":4},{"damage":0,"enemies":"Blue Slaver","floor":12,"turns":3},{"damage":17,"enemies":"Exordium Wildlife","floor":13,"turns":3}],"seed_played":"8519154271848787286","potions_obtained":[{"floor":1,"key":"FearPotion"},{"floor":6,"key":"PotionOfCapacity"},{"floor":11,"key":"Weak Potion"}],"is_trial":false,"path_per_floor":["M","?","?","M","M","E","M","R","T","R","M","M","M"],"character_chosen":"DEFECT","items_purchased":[],"campfire_rested":1,"item_purchase_floors":[],"current_hp_per_floor":[62,55,55,54,54,19,14,33,33,33,13,15,0],"gold":260,"neow_bonus":"ONE_RARE_RELIC","is_prod":false,"is_daily":false,"chose_seed":false,"campfire_upgraded":1,"win_rate":0,"timestamp":1708056553,"path_taken":["M","?","?","M","M","E","M","R","T","R","M","?","?"],"build_version":"2022-12-18","purchased_purges":0,"victory":false,"max_hp_per_floor":[64,64,64,64,64,64,66,66,66,66,66,68,68],"card_choices":[{"not_picked":["Beam Cell","Steam"],"picked":"Genetic Algorithm","floor":1},{"not_picked":["Reprogram","Stack"],"picked":"Ball Lightning","floor":4},{"not_picked":["Double Energy","Conserve Battery"],"picked":"Ball Lightning","floor":5},{"not_picked":["Redo","Tempest"],"picked":"Steam","floor":6},{"not_picked":["Buffer","Steam","Fusion"],"picked":"Singing Bowl","floor":7},{"not_picked":["Gash","Stack"],"picked":"Hologram","floor":11},{"not_picked":["Fusion","Capacitor","Redo"],"picked":"Singing Bowl","floor":12}],"player_experience":1014026,"relics_obtained":[{"floor":6,"key":"Singing Bowl"},{"floor":9,"key":"Whetstone"}],"event_choices":[{"cards_removed":["Defend_B"],"damage_healed":0,"gold_gain":0,"player_choice":"Card Removal","damage_taken":7,"max_hp_gain":0,"max_hp_loss":0,"event_name":"Golden Wing","floor":2,"gold_loss":0},{"damage_healed":0,"gold_gain":0,"player_choice":"Trade","damage_taken":0,"relics_obtained":["GremlinMask"],"max_hp_gain":0,"max_hp_loss":0,"event_name":"FaceTrader","floor":3,"gold_loss":0}],"is_beta":false,"boss_relics":[],"items_purged_floors":[],"is_endless":false,"potions_floor_spawned":[1,6,11],"killed_by":"Exordium Wildlife","ascension_level":20}