{"gold_per_floor":[113,188,188,113,128,128,158,28,28,28,57,74,74,93,93,166,166,181,181,10,29,43,43,43,57,57,75,102,117,134,1,1,75,75,86,361,371,396,442,474,474,505,505,25,35,53,53,79,79,79,79],"floor_reached":52,"playtime":8345,"items_purged":["Regret"],"score":2140,"play_id":"82731347-2e7c-43b7-8257-76eb0948acde","local_time":"20240318143743","is_ascension_mode":true,"campfire_choices":[{"data":"Tempest","floor":6.0,"key":"SMITH"},{"floor":15.0,"key":"REST"},{"data":"Defragment","floor":23.0,"key":"SMITH"},{"floor":32.0,"key":"REST"},{"data":"Buffer","floor":41,"key":"SMITH"},{"data":"Buffer","floor":49,"key":"SMITH"}],"neow_cost":"NONE","seed_source_timestamp":0,"circlet_count":0,"master_deck":["AscendersBane","Zap","Dualcast","Undo","Go for the Eyes","Beam Cell","Glacier","Tempest+1","Reboot","Seek","Rebound","Turbo","Defragment+1","Thunder Strike+1","Buffer+1","Cold Snap+1","Hologram","Electrodynamics","Sweeping Beam+1","Conserve Battery","Scrape+1","Redo","Chill+1","Seek","Meteor Strike+1","Self Repair","Skim+1","FTL+1","Hologram+1","Buffer+1"],"special_seed":0,"relics":["Pandora\u0027s Box","Molten Egg 2","The Courier","Shuriken","InkBottle","SacredBark","PreservedInsect","Happy Flower","Art of War","Potion Belt","Frozen Eye","Runic Pyramid","Lizard Tail","Akabeko","Smiling Mask","HornCleat","Bottled Flame","Lee\u0027s Waffle","DataDisk","Kunai"],"potions_floor_usage":[40,42,50,51,51],"damage_taken":[{"damage":0.0,"enemies":"Jaw Worm","floor":1.0,"turns":3.0},{"damage":1.0,"enemies":"Small Slimes","floor":5.0,"turns":3.0},{"damage":0.0,"enemies":"Gremlin Nob","floor":7.0,"turns":3.0},{"damage":23.0,"enemies":"3 Sentries","floor":11.0,"turns":11.0},{"damage":0.0,"enemies":"Cultist","floor":12.0,"turns":3.0},{"damage":3.0,"enemies":"Large Slime","floor":14.0,"turns":5.0},{"damage":24.0,"enemies":"Slime Boss","floor":16.0,"turns":11.0},{"damage":0.0,"enemies":"3 Byrds","floor":18.0,"turns":2.0},{"damage":18.0,"enemies":"2 Thieves","floor":21.0,"turns":3.0},{"damage":6.0,"enemies":"Sentry and Sphere","floor":22.0,"turns":6.0},{"damage":13.0,"enemies":"Snake Plant","floor":25.0,"turns":4.0},{"damage":10.0,"enemies":"Shelled Parasite and Fungi","floor":27.0,"turns":5.0},{"damage":0.0,"enemies":"Gremlin Leader","floor":28.0,"turns":4.0},{"damage":2.0,"enemies":"Cultist and Chosen","floor":29.0,"turns":5.0},{"damage":0.0,"enemies":"Chosen and Byrds","floor":30.0,"turns":3.0},{"damage":0.0,"enemies":"Collector","floor":33.0,"turns":6.0},{"damage":9.0,"enemies":"3 Darklings","floor":35.0,"turns":3.0},{"damage":6.0,"enemies":"3 Shapes","floor":37.0,"turns":3.0},{"damage":6,"enemies":"Mind Bloom Boss Battle","floor":38,"turns":6},{"damage":0,"enemies":"Reptomancer","floor":40,"turns":6},{"damage":16,"enemies":"Nemesis","floor":42,"turns":3},{"damage":0,"enemies":"Spire Growth","floor":45,"turns":6},{"damage":2,"enemies":"3 Darklings","floor":46,"turns":2},{"damage":0,"enemies":"Giant Head","floor":48,"turns":8},{"damage":11,"enemies":"Donu and Deca","floor":50,"turns":8},{"damage":1,"enemies":"Time Eater","floor":51,"turns":9}],"seed_played":"8799799421766239027","potions_obtained":[{"floor":11.0,"key":"Strength Potion"},{"floor":14.0,"key":"AttackPotion"},{"floor":16.0,"key":"PowerPotion"},{"floor":21.0,"key":"AttackPotion"},{"floor":25.0,"key":"BlessingOfTheForge"},{"floor":33.0,"key":"Regen Potion"},{"floor":38,"key":"Swift Potion"},{"floor":42,"key":"DuplicationPotion"},{"floor":45,"key":"PowerPotion"}],"is_trial":false,"path_per_floor":["M","?","T","?","M","R","E","$","T","?","E","M","$","M","R","B",null,"M","?","$","M","M","R","T","M","T","M","E","M","M","$","R","B",null,"M","?","M","?","T","E","R","E","T","$","M","M","?","E","R","B","B",null],"character_chosen":"DEFECT","items_purchased":["Thunder Strike+1","PreservedInsect","Sweeping Beam+1","Frozen Eye","FTL+1","Lee\u0027s Waffle","DataDisk","EssenceOfSteel","Swift Potion"],"campfire_rested":2,"item_purchase_floors":[8,20,20,31,44,44,44,44,44],"current_hp_per_floor":[64,53,53,53,52,52,52,52,52,52,29,29,29,26,47,23,59,59,59,59,41,35,35,35,22,22,12,12,10,10,10,31,31,61,52,52,46,40,40,40,40,43,43,78,78,78,78,78,78,74,78],"gold":79,"neow_bonus":"BOSS_RELIC","is_prod":false,"is_daily":false,"chose_seed":false,"campfire_upgraded":4,"win_rate":0,"timestamp":1710797863,"path_taken":["M","?","?","?","M","R","E","?","T","?","E","M","$","?","R","BOSS","M","?","$","M","M","R","?","M","T","M","E","M","M","$","R","BOSS","M","?","?","?","?","E","R","E","T","$","M","M","?","E","R","BOSS","BOSS"],"build_version":"2022-12-18","purchased_purges":1,"victory":true,"max_hp_per_floor":[71,71,71,71,71,71,71,71,71,71,71,71,71,71,71,71,71,71,71,71,71,71,71,71,71,71,71,71,71,71,71,71,71,71,71,71,71,71,71,71,71,71,71,78,78,78,78,78,78,78,78],"card_choices":[{"not_picked":["Coolheaded","Chaos"],"picked":"Rebound","floor":1.0},{"not_picked":["Streamline+1","Rebound+1"],"picked":"Turbo","floor":5.0},{"not_picked":["Barrage+1","Conserve Battery"],"picked":"Defragment","floor":7.0},{"not_picked":["Sweeping Beam+1","Coolheaded"],"picked":"Buffer","floor":11.0},{"not_picked":["Sweeping Beam+1","Gash+1"],"picked":"Cold Snap+1","floor":12.0},{"not_picked":["Gash+1","Redo"],"picked":"Hologram","floor":14.0},{"not_picked":["Biased Cognition","Reboot"],"picked":"Electrodynamics","floor":16.0},{"not_picked":["Fusion","Blizzard+1","Turbo"],"picked":"SKIP","floor":18.0},{"not_picked":["Self Repair","Redo"],"picked":"Conserve Battery","floor":21.0},{"not_picked":["Hologram+1","Blizzard+1"],"picked":"Scrape+1","floor":22.0},{"not_picked":["Consume","Sweeping Beam+1","Stack"],"picked":"SKIP","floor":25.0},{"not_picked":["Sweeping Beam+1","Gash+1"],"picked":"Redo","floor":27.0},{"not_picked":["Recycle","Hyperbeam+1","Genetic Algorithm"],"picked":"SKIP","floor":28.0},{"not_picked":["Gash+1","Static Discharge"],"picked":"Chill+1","floor":29.0},{"not_picked":["Gash+1","Force Field","Sweeping Beam+1"],"picked":"SKIP","floor":30.0},{"not_picked":["Machine Learning","Meteor Strike+1"],"picked":"Seek","floor":33.0},{"not_picked":["Streamline+1","Go for the Eyes+1","Redo+1"],"picked":"SKIP","floor":35.0},{"not_picked":["Leap","Stack"],"picked":"Meteor Strike+1","floor":37.0},{"not_picked":["Gash+1","Undo"],"picked":"Self Repair","floor":40},{"not_picked":["Aggregate","Rip and Tear+1"],"picked":"Skim+1","floor":42},{"not_picked":["Steam+1","BootSequence"],"picked":"Hologram+1","floor":45},{"not_picked":["Barrage+1","Conserve Battery","Buffer"],"picked":"SKIP","floor":46},{"not_picked":["Barrage+1","Conserve Battery"],"picked":"Buffer","floor":46},{"not_picked":["Undo","Creative AI","Rebound+1"],"picked":"SKIP","floor":48}],"player_experience":1024041,"relics_obtained":[{"floor":3.0,"key":"Molten Egg 2"},{"floor":7.0,"key":"The Courier"},{"floor":9.0,"key":"Shuriken"},{"floor":11.0,"key":"InkBottle"},{"floor":24.0,"key":"Happy Flower"},{"floor":26.0,"key":"Art of War"},{"floor":28.0,"key":"Potion Belt"},{"floor":38,"key":"Lizard Tail"},{"floor":39,"key":"Akabeko"},{"floor":40,"key":"Smiling Mask"},{"floor":42,"key":"HornCleat"},{"floor":43,"key":"Bottled Flame"},{"floor":48,"key":"Kunai"}],"event_choices":[{"damage_healed":0.0,"max_hp_gain":0.0,"max_hp_loss":0.0,"gold_gain":75.0,"event_name":"World of Goop","player_choice":"Gather Gold","floor":2.0,"gold_loss":0.0,"damage_taken":11.0},{"cards_removed":["Chaos"],"damage_healed":0.0,"max_hp_gain":0.0,"max_hp_loss":0.0,"gold_gain":0.0,"event_name":"The Cleric","player_choice":"Card Removal","floor":4.0,"gold_loss":75.0,"damage_taken":0.0},{"damage_healed":0.0,"max_hp_gain":0.0,"max_hp_loss":0.0,"gold_gain":0.0,"event_name":"Golden Wing","player_choice":"Ignored","floor":10.0,"gold_loss":0.0,"damage_taken":0.0},{"damage_healed":0.0,"max_hp_gain":0.0,"max_hp_loss":0.0,"gold_gain":0.0,"event_name":"Ghosts","player_choice":"Ignored","floor":19.0,"gold_loss":0.0,"damage_taken":0.0},{"damage_healed":0.0,"max_hp_gain":0.0,"max_hp_loss":0.0,"gold_gain":275.0,"event_name":"Golden Shrine","player_choice":"Desecrate","floor":36.0,"gold_loss":0.0,"damage_taken":0.0,"cards_obtained":["Regret"]},{"damage_healed":0,"gold_gain":0,"player_choice":"Fight","damage_taken":0,"max_hp_gain":0,"max_hp_loss":0,"event_name":"MindBloom","floor":38,"gold_loss":0},{"damage_healed":0,"gold_gain":0,"player_choice":"0 cards matched","damage_taken":0,"max_hp_gain":0,"max_hp_loss":0,"event_name":"Match and Keep!","floor":47,"gold_loss":0,"cards_obtained":[]}],"is_beta":false,"boss_relics":[{"not_picked":["Empty Cage","Runic Dome"],"picked":"SacredBark"},{"not_picked":["Black Star","Calling Bell"],"picked":"Runic Pyramid"}],"items_purged_floors":[44],"is_endless":false,"potions_floor_spawned":[11,14,16,21,22,25,33,38,42,45,48],"ascension_level":20}