{"gold_per_floor":[110,125,50,66,66,92,92,111,111,125,125,136,151,186,186,285,285,300,17,35,35,48,74,74,101,101,111,123,123,142,152,152,252,252,265,165,176,156,86,114,114,145,145,174,187,201,201,201,201,201,201,201,0,35,35],"floor_reached":56,"playtime":4061,"items_purged":["Strike_B","Defend_B","Defend_B"],"score":1421,"play_id":"23af6443-eb42-4fe9-bfcf-4594c9ef4a53","local_time":"20240330160510","is_ascension_mode":true,"campfire_choices":[{"data":"Coolheaded","floor":7.0,"key":"SMITH"},{"floor":11.0,"key":"REST"},{"data":"Zap","floor":15.0,"key":"SMITH"},{"data":"Hologram","floor":24,"key":"SMITH"},{"data":"Seek","floor":29,"key":"SMITH"},{"data":"Thunder Strike","floor":32,"key":"SMITH"},{"data":"Creative AI","floor":41,"key":"SMITH"},{"floor":49,"key":"RECALL"},{"data":"Coolheaded","floor":52,"key":"SMITH"}],"neow_cost":"TEN_PERCENT_HP_LOSS","seed_source_timestamp":0,"circlet_count":0,"master_deck":["Strike_B","Strike_B","Defend_B","Defend_B","Zap+1","Dualcast","Seek+1","Ball Lightning","Defragment+1","Coolheaded+1","Reinforced Body","Conserve Battery","Coolheaded+1","Glacier","Thunder Strike+1","Hologram+1","Self Repair","Turbo","Storm","Blizzard+1","Loop+1","Creative AI+1","Glacier","Consume","Redo+1"],"special_seed":0,"relics":["Cracked Core","Symbiotic Virus","Mummified Hand","Art of War","SlaversCollar","PreservedInsect","Lantern","Gambling Chip","Bottled Tornado","Black Star","StrikeDummy","Omamori","Toy Ornithopter","Mango","Bag of Marbles","Pear","Bag of Preparation","DataDisk"],"potions_floor_usage":[30,33,40,50,55,55,55],"damage_taken":[{"damage":1.0,"enemies":"Cultist","floor":1.0,"turns":3.0},{"damage":9.0,"enemies":"2 Louse","floor":2.0,"turns":2.0},{"damage":3.0,"enemies":"Jaw Worm","floor":4.0,"turns":3.0},{"damage":16.0,"enemies":"3 Sentries","floor":6.0,"turns":9.0},{"damage":9.0,"enemies":"Exordium Thugs","floor":8.0,"turns":3.0},{"damage":9.0,"enemies":"Gremlin Gang","floor":10.0,"turns":3.0},{"damage":0.0,"enemies":"3 Louse","floor":12.0,"turns":4.0},{"damage":0.0,"enemies":"Lots of Slimes","floor":13.0,"turns":3.0},{"damage":1.0,"enemies":"Gremlin Nob","floor":14.0,"turns":3.0},{"damage":3.0,"enemies":"The Guardian","floor":16.0,"turns":12.0},{"damage":0.0,"enemies":"Spheric Guardian","floor":18.0,"turns":3.0},{"damage":0.0,"enemies":"Shell Parasite","floor":20.0,"turns":9.0},{"damage":21.0,"enemies":"3 Cultists","floor":22.0,"turns":8.0},{"damage":32.0,"enemies":"Slavers","floor":23.0,"turns":5.0},{"damage":0,"enemies":"Gremlin Leader","floor":25,"turns":6},{"damage":0,"enemies":"Centurion and Healer","floor":27,"turns":8},{"damage":0,"enemies":"Snecko","floor":28,"turns":3},{"damage":15,"enemies":"Sentry and Sphere","floor":30,"turns":6},{"damage":0,"enemies":"Centurion and Healer","floor":31,"turns":10},{"damage":19,"enemies":"Champ","floor":33,"turns":9},{"damage":0,"enemies":"Orb Walker","floor":35,"turns":4},{"damage":13,"enemies":"3 Shapes","floor":37,"turns":6},{"damage":0,"enemies":"Giant Head","floor":40,"turns":6},{"damage":12,"enemies":"Nemesis","floor":42,"turns":5},{"damage":0,"enemies":"Giant Head","floor":44,"turns":7},{"damage":0,"enemies":"Writhing Mass","floor":45,"turns":7},{"damage":0,"enemies":"Maw","floor":46,"turns":6},{"damage":14,"enemies":"Awakened One","floor":50,"turns":15},{"damage":12,"enemies":"Shield and Spear","floor":54,"turns":6},{"damage":28,"enemies":"The Heart","floor":55,"turns":9}],"seed_played":"-4360124528467388287","potions_obtained":[{"floor":2.0,"key":"SmokeBomb"},{"floor":4.0,"key":"SpeedPotion"},{"floor":6.0,"key":"SmokeBomb"},{"floor":12.0,"key":"SkillPotion"},{"floor":23,"key":"PowerPotion"},{"floor":27,"key":"EssenceOfSteel"},{"floor":28,"key":"Ancient Potion"},{"floor":31,"key":"FocusPotion"},{"floor":37,"key":"FearPotion"},{"floor":38,"key":"FocusPotion"},{"floor":44,"key":"FocusPotion"},{"floor":54,"key":"Fruit Juice"}],"is_trial":false,"path_per_floor":["M","M","$","M","?","E","R","M","T","M","R","M","M","E","R","B",null,"M","$","M","$","M","E","R","E","T","M","M","R","M","M","R","B",null,"M","$","M","?","$","E","R","E","T","E","M","M","?","?","R","B",null,"R","$","E","B",null],"character_chosen":"DEFECT","items_purchased":["PreservedInsect","Self Repair","Turbo","Glacier","Consume"],"campfire_rested":1,"item_purchase_floors":[19,19,19,39,53],"current_hp_per_floor":[67,58,58,55,55,39,39,30,30,21,41,41,41,40,40,37,68,68,68,68,68,54,29,29,36,36,43,43,43,35,42,42,30,68,68,68,62,62,62,68,68,77,77,92,92,92,92,92,92,85,92,92,92,87,81],"gold":35,"neow_bonus":"THREE_RARE_CARDS","is_prod":false,"is_daily":false,"chose_seed":false,"campfire_upgraded":7,"win_rate":0,"timestamp":1711839910,"path_taken":["M","?","?","M","?","E","R","M","T","M","R","M","M","E","R","BOSS","M","?","M","$","M","E","R","E","T","M","M","R","M","M","R","BOSS","M","$","M","?","?","E","R","E","T","E","?","M","?","?","R","BOSS","R","$","E","BOSS"],"build_version":"2022-12-18","purchased_purges":3,"victory":true,"max_hp_per_floor":[68,68,68,68,68,68,68,68,68,68,68,68,68,68,68,68,68,68,68,68,68,68,68,68,68,68,68,68,68,68,68,68,68,68,68,68,68,68,68,68,68,82,82,92,92,92,92,92,92,92,92,92,92,92,97],"card_choices":[{"not_picked":["Meteor Strike","Reboot"],"picked":"Seek","floor":0.0},{"not_picked":["Redo","Barrage"],"picked":"Ball Lightning","floor":1.0},{"not_picked":["Streamline","Barrage"],"picked":"Defragment","floor":2.0},{"not_picked":["Double Energy","Force Field"],"picked":"Coolheaded","floor":4.0},{"not_picked":["Turbo","Double Energy"],"picked":"Reinforced Body","floor":6.0},{"not_picked":["Streamline","Gash"],"picked":"Conserve Battery","floor":8.0},{"not_picked":["Steam","Multi-Cast"],"picked":"Coolheaded","floor":10.0},{"not_picked":["Rebound","Streamline"],"picked":"Glacier","floor":12.0},{"not_picked":["Genetic Algorithm","Rebound","Barrage"],"picked":"SKIP","floor":13.0},{"not_picked":["Barrage","Steam","Stack"],"picked":"SKIP","floor":14.0},{"not_picked":["Buffer","Multi-Cast"],"picked":"Thunder Strike","floor":16.0},{"not_picked":["Rebound","Go for the Eyes"],"picked":"Hologram","floor":18.0},{"not_picked":["Hologram","Melter"],"picked":"Storm","floor":20.0},{"not_picked":["Cold Snap","Stack+1","Hello World"],"picked":"SKIP","floor":22.0},{"not_picked":["Cold Snap","Stack+1","Hello World"],"picked":"SKIP","floor":22.0},{"not_picked":["Cold Snap","Stack+1","Hello World"],"picked":"SKIP","floor":22.0},{"not_picked":["Storm","Capacitor"],"picked":"Blizzard+1","floor":23},{"not_picked":["Melter","Cold Snap","Compile Driver"],"picked":"SKIP","floor":25},{"not_picked":["Barrage+1","Go for the Eyes","Sweeping Beam"],"picked":"SKIP","floor":27},{"not_picked":["Sunder+1","Rebound","Reinforced Body"],"picked":"SKIP","floor":28},{"not_picked":["Sunder+1","Rebound","Reinforced Body"],"picked":"SKIP","floor":28},{"not_picked":["Leap+1","Reinforced Body","Compile Driver"],"picked":"SKIP","floor":30},{"not_picked":["Tempest","Static Discharge"],"picked":"Loop+1","floor":31},{"not_picked":["Echo Form","Rainbow"],"picked":"Creative AI","floor":33},{"not_picked":["Beam Cell+1","Compile Driver","Darkness+1"],"picked":"SKIP","floor":35},{"not_picked":["Scrape","Reprogram+1","Rebound+1"],"picked":"SKIP","floor":37},{"not_picked":["Hologram+1","BootSequence","Darkness+1"],"picked":"SKIP","floor":40},{"not_picked":["Fission","Stack","BootSequence"],"picked":"SKIP","floor":42},{"not_picked":["Recycle+1","Machine Learning"],"picked":"Heatsinks","floor":44},{"not_picked":["Redo+1","Turbo+1","Glacier+1"],"picked":"SKIP","floor":45},{"not_picked":["Barrage","Conserve Battery+1","Darkness+1"],"picked":"SKIP","floor":46},{"not_picked":["Self Repair+1","Scrape"],"picked":"Redo+1","floor":54}],"player_experience":1058514,"relics_obtained":[{"floor":6.0,"key":"Symbiotic Virus"},{"floor":9.0,"key":"Mummified Hand"},{"floor":14.0,"key":"Art of War"},{"floor":23,"key":"Lantern"},{"floor":25,"key":"Gambling Chip"},{"floor":26,"key":"Bottled Tornado"},{"floor":40,"key":"StrikeDummy"},{"floor":40,"key":"Omamori"},{"floor":42,"key":"Toy Ornithopter"},{"floor":42,"key":"Mango"},{"floor":44,"key":"Bag of Marbles"},{"floor":44,"key":"Pear"},{"floor":54,"key":"Bag of Preparation"},{"floor":54,"key":"DataDisk"}],"event_choices":[{"damage_healed":0.0,"max_hp_gain":0.0,"max_hp_loss":0.0,"gold_gain":0.0,"event_name":"Upgrade Shrine","player_choice":"Upgraded","floor":5.0,"gold_loss":0.0,"damage_taken":0.0,"cards_upgraded":["Defragment"]},{"damage_healed":0,"gold_gain":0,"player_choice":"Bought 1 Potion","damage_taken":0,"max_hp_gain":0,"max_hp_loss":0,"event_name":"The Woman in Blue","floor":38,"gold_loss":0},{"cards_removed":["Heatsinks"],"damage_healed":0,"gold_gain":0,"player_choice":"Removed Power","damage_taken":0,"max_hp_gain":0,"max_hp_loss":0,"event_name":"Falling","floor":47,"gold_loss":0},{"cards_removed":["Strike_B"],"damage_healed":0,"gold_gain":0,"player_choice":"Purged","damage_taken":0,"max_hp_gain":0,"max_hp_loss":0,"event_name":"Purifier","floor":48,"gold_loss":0}],"is_beta":false,"boss_relics":[{"not_picked":["Tiny House","Runic Pyramid"],"picked":"SlaversCollar"},{"not_picked":["Runic Dome","Inserter"],"picked":"Black Star"}],"items_purged_floors":[3,36,53],"is_endless":false,"potions_floor_spawned":[2,4,6,12,23,27,28,31,37,44,54],"ascension_level":1}