{"gold_per_floor":[111,286,361,361,19,53,53,79,150,163,192,209,209,229,229,326,326,346,360,375,192,211,244,256,274,350,350,350,677,677,703,703,804,804,816,832,845,369,369,401,401,415,415,448,448,467,467,511,511,511,511,511,13,38,38],"floor_reached":56,"playtime":3465,"items_purged":["Defend_B","Defend_B","Defend_B","Strike_B"],"score":1702,"play_id":"5af85490-4c62-4674-8a89-5ff4965a715c","local_time":"20240325181335","is_ascension_mode":true,"campfire_choices":[{"data":"Zap","floor":7.0,"key":"SMITH"},{"data":"Biased Cognition","floor":13.0,"key":"SMITH"},{"data":"Hologram","floor":15.0,"key":"SMITH"},{"data":"Defragment","floor":30.0,"key":"SMITH"},{"data":"Fission","floor":32.0,"key":"SMITH"},{"floor":45.0,"key":"RECALL"},{"data":"Biased Cognition","floor":49.0,"key":"SMITH"},{"data":"Rainbow","floor":52.0,"key":"SMITH"}],"neow_cost":"NONE","seed_source_timestamp":864372190004900,"circlet_count":0,"master_deck":["Strike_B+1","Defend_B","Zap+1","Dualcast","FTL","Leap","Ball Lightning","Streamline+1","Hologram+1","Self Repair","Biased Cognition+1","Steam","Core Surge","Go for the Eyes+1","Reinforced Body","Beam Cell","Defragment+1","Coolheaded+1","Biased Cognition+1","Fission+1","Steam Power","Cold Snap","All For One","Electrodynamics+1","CurseOfTheBell","Coolheaded+1","Defragment+1","Reboot","Turbo+1","All For One","Good Instincts","Skim","Glacier","Buffer+1","Rainbow+1","Defragment+1","Deep Breath","Hologram"],"special_seed":0,"relics":["Cracked Core","NeowsBlessing","Pantograph","Sundial","Ancient Tea Set","Kunai","Bronze Scales","Black Star","Ornamental Fan","Lantern","HornCleat","Old Coin","Frozen Egg 2","Orichalcum","Darkstone Periapt","Calling Bell","Bag of Marbles","Singing Bowl","Ginger","Orrery","Bag of Preparation","Bottled Flame","Vajra","Thread and Needle","Omamori","CeramicFish","Whetstone","TungstenRod","Mango"],"potions_floor_usage":[55,55,55],"damage_taken":[{"damage":0.0,"enemies":"Small Slimes","floor":1.0,"turns":1.0},{"damage":0.0,"enemies":"Gremlin Nob","floor":6.0,"turns":1.0},{"damage":0.0,"enemies":"3 Sentries","floor":8.0,"turns":1.0},{"damage":2.0,"enemies":"2 Louse","floor":10.0,"turns":2.0},{"damage":19.0,"enemies":"Lagavulin","floor":11.0,"turns":5.0},{"damage":0.0,"enemies":"Cultist","floor":12.0,"turns":2.0},{"damage":2.0,"enemies":"Lots of Slimes","floor":14.0,"turns":2.0},{"damage":0.0,"enemies":"Slime Boss","floor":16.0,"turns":4.0},{"damage":5.0,"enemies":"Spheric Guardian","floor":18.0,"turns":3.0},{"damage":1.0,"enemies":"Chosen","floor":19.0,"turns":4.0},{"damage":16.0,"enemies":"Snecko","floor":20.0,"turns":5.0},{"damage":9.0,"enemies":"3 Cultists","floor":22.0,"turns":5.0},{"damage":35.0,"enemies":"Gremlin Leader","floor":23.0,"turns":7.0},{"damage":0.0,"enemies":"Snake Plant","floor":24.0,"turns":4.0},{"damage":6.0,"enemies":"Cultist and Chosen","floor":25.0,"turns":5.0},{"damage":1.0,"enemies":"Book of Stabbing","floor":29.0,"turns":4.0},{"damage":7.0,"enemies":"Slavers","floor":31.0,"turns":5.0},{"damage":2.0,"enemies":"Automaton","floor":33.0,"turns":9.0},{"damage":0.0,"enemies":"3 Shapes","floor":35.0,"turns":2.0},{"damage":1.0,"enemies":"Orb Walker","floor":36.0,"turns":3.0},{"damage":1.0,"enemies":"Sphere and 2 Shapes","floor":37.0,"turns":5.0},{"damage":0.0,"enemies":"Reptomancer","floor":40.0,"turns":4.0},{"damage":0.0,"enemies":"Maw","floor":42.0,"turns":6.0},{"damage":0.0,"enemies":"Nemesis","floor":44.0,"turns":6.0},{"damage":0.0,"enemies":"3 Darklings","floor":46.0,"turns":2.0},{"damage":0.0,"enemies":"Giant Head","floor":48.0,"turns":9.0},{"damage":0.0,"enemies":"Awakened One","floor":50.0,"turns":15.0},{"damage":0,"enemies":"Shield and Spear","floor":54,"turns":6},{"damage":31,"enemies":"The Heart","floor":55,"turns":11}],"seed_played":"-5518817860444248719","potions_obtained":[{"floor":1.0,"key":"EssenceOfDarkness"},{"floor":6.0,"key":"DuplicationPotion"},{"floor":11.0,"key":"SpeedPotion"},{"floor":20.0,"key":"SneckoOil"},{"floor":23.0,"key":"Block Potion"},{"floor":24.0,"key":"Swift Potion"},{"floor":25.0,"key":"Block Potion"},{"floor":31.0,"key":"EssenceOfDarkness"},{"floor":35.0,"key":"Dexterity Potion"},{"floor":36.0,"key":"GamblersBrew"}],"is_trial":false,"path_per_floor":["M","?","?","?","$","E","R","E","T","M","E","M","R","M","R","B",null,"M","M","M","$","M","E","M","M","T","?","?","E","R","E","R","B",null,"M","M","M","$","?","E","?","M","T","E","R","M","?","E","R","B",null,"R","$","E","B",null],"character_chosen":"DEFECT","items_purchased":["Pantograph","Leap","Defragment","Swift Potion","Defragment+1","Orrery","Good Instincts","Skim","Defragment+1","Deep Breath","Hologram","Whetstone","FocusPotion"],"campfire_rested":0,"item_purchase_floors":[5,5,21,21,38,38,38,38,53,53,53,53,53],"current_hp_per_floor":[75,75,64,64,64,64,64,64,64,62,43,43,43,41,41,73,75,75,74,65,65,63,35,42,43,43,43,43,49,49,49,49,75,81,81,82,83,83,81,83,83,83,83,83,83,85,85,85,85,85,85,85,85,101,70],"gold":38,"neow_bonus":"THREE_ENEMY_KILL","is_prod":false,"is_daily":false,"chose_seed":false,"campfire_upgraded":7,"win_rate":0,"timestamp":1711415615,"path_taken":["M","?","?","?","$","E","R","E","T","M","E","M","R","M","R","BOSS","M","?","?","$","M","E","M","M","T","?","?","E","R","E","R","BOSS","M","M","M","$","?","E","?","?","T","E","R","M","?","E","R","BOSS","R","$","E","BOSS"],"build_version":"2022-12-18","purchased_purges":4,"victory":true,"max_hp_per_floor":[75,75,75,75,75,75,75,75,75,75,75,75,75,75,75,75,75,75,75,75,75,75,75,75,75,75,75,75,75,75,75,75,75,81,81,83,85,85,81,83,83,83,83,83,83,85,85,85,85,85,85,85,85,101,101],"card_choices":[{"not_picked":["Blizzard","Force Field"],"picked":"FTL","floor":1.0},{"not_picked":["Redo","Stack"],"picked":"Ball Lightning","floor":6.0},{"not_picked":["Coolheaded","Leap"],"picked":"Streamline","floor":8.0},{"not_picked":["Rebound","Beam Cell"],"picked":"Hologram","floor":10.0},{"not_picked":["Barrage","Genetic Algorithm"],"picked":"Self Repair","floor":11.0},{"not_picked":["Stack","Consume"],"picked":"Biased Cognition","floor":12.0},{"not_picked":["Capacitor","Redo"],"picked":"Steam","floor":14.0},{"not_picked":["Meteor Strike","Creative AI"],"picked":"Core Surge","floor":16.0},{"not_picked":["Rebound","Leap+1"],"picked":"Go for the Eyes+1","floor":18.0},{"not_picked":["Beam Cell+1","Rip and Tear"],"picked":"Reinforced Body","floor":19.0},{"not_picked":["Go for the Eyes","Stack+1"],"picked":"Beam Cell","floor":20.0},{"not_picked":["Cold Snap","Lockon"],"picked":"Coolheaded+1","floor":22.0},{"not_picked":["Rip and Tear","Darkness"],"picked":"Biased Cognition","floor":23.0},{"not_picked":["Steam Power","Leap+1","White Noise"],"picked":"SKIP","floor":24.0},{"not_picked":["Gash","Auto Shields","Compile Driver"],"picked":"SKIP","floor":25.0},{"not_picked":["Rip and Tear","Steam+1"],"picked":"Cold Snap","floor":29.0},{"not_picked":["Ball Lightning","Cold Snap"],"picked":"All For One","floor":31.0},{"not_picked":["Creative AI+1","Machine Learning+1"],"picked":"Electrodynamics+1","floor":33.0},{"not_picked":["Barrage+1","Go for the Eyes"],"picked":"Coolheaded+1","floor":35.0},{"not_picked":["Double Energy+1","Sweeping Beam","Conserve Battery+1"],"picked":"Singing Bowl","floor":36.0},{"not_picked":["Compile Driver+1","Ball Lightning","Cold Snap"],"picked":"Singing Bowl","floor":37.0},{"not_picked":["Rebound+1","Streamline"],"picked":"Reboot","floor":38.0},{"not_picked":["Genetic Algorithm","Rebound+1"],"picked":"Turbo+1","floor":38.0},{"not_picked":["Storm+1","Stack"],"picked":"All For One","floor":38.0},{"not_picked":["Force Field","Ball Lightning","Stack"],"picked":"Singing Bowl","floor":40.0},{"not_picked":["Coolheaded","Ball Lightning"],"picked":"Glacier","floor":42.0},{"not_picked":["Electrodynamics+1","White Noise"],"picked":"Buffer+1","floor":44.0},{"not_picked":["Steam","Cold Snap+1","Genetic Algorithm"],"picked":"Singing Bowl","floor":46.0},{"not_picked":["Cold Snap+1","Steam+1"],"picked":"Rainbow","floor":48.0},{"not_picked":["Fusion","Ball Lightning","Streamline"],"picked":"Singing Bowl","floor":54}],"player_experience":1051360,"relics_obtained":[{"floor":6.0,"key":"Sundial"},{"floor":8.0,"key":"Ancient Tea Set"},{"floor":9.0,"key":"Kunai"},{"floor":11.0,"key":"Bronze Scales"},{"floor":23.0,"key":"Ornamental Fan"},{"floor":23.0,"key":"Lantern"},{"floor":26.0,"key":"HornCleat"},{"floor":29.0,"key":"Old Coin"},{"floor":29.0,"key":"Frozen Egg 2"},{"floor":31.0,"key":"Orichalcum"},{"floor":31.0,"key":"Darkstone Periapt"},{"floor":34.0,"key":"Bag of Marbles"},{"floor":34.0,"key":"Singing Bowl"},{"floor":34.0,"key":"Ginger"},{"floor":40.0,"key":"Bag of Preparation"},{"floor":40.0,"key":"Bottled Flame"},{"floor":44.0,"key":"Vajra"},{"floor":44.0,"key":"Thread and Needle"},{"floor":48.0,"key":"Omamori"},{"floor":48.0,"key":"CeramicFish"},{"floor":54,"key":"TungstenRod"},{"floor":54,"key":"Mango"}],"event_choices":[{"damage_healed":0.0,"max_hp_gain":0.0,"max_hp_loss":0.0,"gold_gain":175.0,"event_name":"Liars Game","player_choice":"AGREE","floor":2.0,"gold_loss":0.0,"damage_taken":0.0,"cards_obtained":["Doubt"]},{"damage_healed":0.0,"max_hp_gain":0.0,"max_hp_loss":0.0,"gold_gain":75.0,"event_name":"World of Goop","player_choice":"Gather Gold","floor":3.0,"gold_loss":0.0,"damage_taken":11.0},{"cards_removed":["Doubt"],"damage_healed":0.0,"max_hp_gain":0.0,"max_hp_loss":0.0,"gold_gain":0.0,"event_name":"Purifier","player_choice":"Purged","floor":4.0,"gold_loss":0.0,"damage_taken":0.0},{"damage_healed":0.0,"max_hp_gain":0.0,"max_hp_loss":0.0,"gold_gain":0.0,"cards_transformed":["Strike_B","Strike_B"],"event_name":"Drug Dealer","player_choice":"Became Test Subject","floor":27.0,"gold_loss":0.0,"damage_taken":0.0,"cards_obtained":["Fission","Steam Power"]},{"damage_healed":0.0,"max_hp_gain":0.0,"max_hp_loss":0.0,"gold_gain":0.0,"event_name":"Ghosts","player_choice":"Ignored","floor":28.0,"gold_loss":0.0,"damage_taken":0.0},{"damage_healed":0.0,"max_hp_gain":0.0,"max_hp_loss":4.0,"gold_gain":0.0,"event_name":"Winding Halls","player_choice":"Max HP","floor":39.0,"gold_loss":0.0,"damage_taken":0.0},{"damage_healed":0.0,"max_hp_gain":0.0,"max_hp_loss":0.0,"gold_gain":0.0,"event_name":"SecretPortal","player_choice":"Ignored","floor":41.0,"gold_loss":0.0,"damage_taken":0.0},{"damage_healed":0.0,"max_hp_gain":0.0,"max_hp_loss":0.0,"gold_gain":0.0,"event_name":"Tomb of Lord Red Mask","player_choice":"Ignored","floor":47.0,"gold_loss":0.0,"damage_taken":0.0}],"is_beta":false,"boss_relics":[{"not_picked":["Tiny House","Ectoplasm"],"picked":"Black Star"},{"not_picked":["Inserter","SacredBark"],"picked":"Calling Bell"}],"items_purged_floors":[5,21,38,53],"is_endless":false,"potions_floor_spawned":[1,6,11,12,20,23,24,25,31,35,36,40,46],"ascension_level":1}