{"gold_per_floor":[112,131,141,158,108,108,140,150,173,98,112,112,112,137,137,232,232,252,252,81,91,109,109,109,142,142,174,187,187,200,220,220,322,322,337,353,353,403,177,177,208,208,208,228,228,263,283,311,311,311],"floor_reached":51,"playtime":3289,"items_purged":["Defend_B","Strike_B"],"score":891,"play_id":"3c1da44f-e352-4de5-9119-000d33b54805","local_time":"20240406084318","is_ascension_mode":true,"campfire_choices":[{"data":"Zap","floor":6.0,"key":"SMITH"},{"floor":13.0,"key":"REST"},{"data":"Hologram","floor":15.0,"key":"SMITH"},{"data":"Blizzard","floor":23.0,"key":"SMITH"},{"floor":29.0,"key":"REST"},{"floor":32.0,"key":"REST"},{"data":"Apotheosis","floor":40,"key":"SMITH"},{"data":"Secret Technique","floor":42,"key":"SMITH"},{"data":"Normality","floor":45,"key":"PURGE"},{"floor":49,"key":"REST"}],"neow_cost":"TEN_PERCENT_HP_LOSS","seed_source_timestamp":0,"circlet_count":0,"master_deck":["Zap+1","Dualcast","Genetic Algorithm","Leap","Cold Snap","Ball Lightning","Electrodynamics","Hologram+1","Chill","Rebound","Blizzard+1","Cold Snap","Coolheaded+1","Echo Form","Steam","Turbo","Ball Lightning","Chill","Creative AI","Coolheaded+1","Apotheosis+1","Secret Technique+1","Force Field","Coolheaded"],"special_seed":0,"relics":["FrozenCore","StrikeDummy","Oddly Smooth Stone","Dream Catcher","DataDisk","Centennial Puzzle","Cursed Key","Peace Pipe","ClockworkSouvenir","Ancient Tea Set","Happy Flower","Lantern","Akabeko"],"potions_floor_usage":[44],"damage_taken":[{"damage":1.0,"enemies":"Cultist","floor":1.0,"turns":3.0},{"damage":2.0,"enemies":"Jaw Worm","floor":2.0,"turns":3.0},{"damage":0.0,"enemies":"Small Slimes","floor":3.0,"turns":4.0},{"damage":6.0,"enemies":"2 Fungi Beasts","floor":4.0,"turns":3.0},{"damage":9.0,"enemies":"Lagavulin","floor":7.0,"turns":6.0},{"damage":11.0,"enemies":"Looter","floor":8.0,"turns":3.0},{"damage":0.0,"enemies":"Red Slaver","floor":11.0,"turns":3.0},{"damage":6.0,"enemies":"Gremlin Nob","floor":14.0,"turns":4.0},{"damage":14.0,"enemies":"Hexaghost","floor":16.0,"turns":10.0},{"damage":0.0,"enemies":"Chosen","floor":18.0,"turns":6.0},{"damage":3.0,"enemies":"Shell Parasite","floor":21.0,"turns":7.0},{"damage":0.0,"enemies":"3 Cultists","floor":22.0,"turns":3.0},{"damage":40.0,"enemies":"Slavers","floor":25.0,"turns":4.0},{"damage":8.0,"enemies":"Gremlin Leader","floor":27.0,"turns":6.0},{"damage":8.0,"enemies":"Sentry and Sphere","floor":28.0,"turns":4.0},{"damage":4.0,"enemies":"Centurion and Healer","floor":30.0,"turns":5.0},{"damage":0.0,"enemies":"Snake Plant","floor":31.0,"turns":5.0},{"damage":28.0,"enemies":"Champ","floor":33.0,"turns":15.0},{"damage":2.0,"enemies":"Orb Walker","floor":35.0,"turns":4.0},{"damage":0.0,"enemies":"3 Shapes","floor":36.0,"turns":4.0},{"damage":10.0,"enemies":"Mind Bloom Boss Battle","floor":38.0,"turns":8.0},{"damage":12,"enemies":"Giant Head","floor":41,"turns":9},{"damage":2,"enemies":"Sphere and 2 Shapes","floor":44,"turns":3},{"damage":0,"enemies":"Nemesis","floor":46,"turns":7},{"damage":8,"enemies":"4 Shapes","floor":47,"turns":4},{"damage":0,"enemies":"Giant Head","floor":48,"turns":9},{"damage":12,"enemies":"Time Eater","floor":50,"turns":11}],"seed_played":"-922982698643327497","potions_obtained":[{"floor":2.0,"key":"Fire Potion"},{"floor":7.0,"key":"PowerPotion"},{"floor":8.0,"key":"FearPotion"},{"floor":16.0,"key":"PowerPotion"},{"floor":21.0,"key":"Dexterity Potion"},{"floor":27.0,"key":"Strength Potion"},{"floor":33.0,"key":"Fire Potion"},{"floor":35.0,"key":"EssenceOfSteel"}],"is_trial":false,"path_per_floor":["M","M","M","M","?","R","E","M","T","$","M","?","R","E","R","B",null,"M","?","$","M","M","R","?","E","T","E","M","R","M","M","R","B",null,"M","M","?","?","$","R","E","R","T","M","R","E","M","E","R","B",null],"character_chosen":"DEFECT","items_purchased":["Blizzard","ClockworkSouvenir","Force Field"],"campfire_rested":4,"item_purchase_floors":[20,39,39],"current_hp_per_floor":[67,65,65,59,59,59,50,39,39,39,39,32,52,46,46,32,68,68,68,68,65,65,65,65,25,25,17,9,29,25,25,45,17,68,66,66,61,51,51,51,39,39,39,37,37,37,29,29,49,37],"gold":311,"neow_bonus":"REMOVE_TWO","is_prod":false,"is_daily":false,"chose_seed":false,"campfire_upgraded":5,"win_rate":0,"timestamp":1712418198,"path_taken":["M","M","?","M","?","R","E","M","T","$","M","?","R","E","R","BOSS","M","?","$","M","M","R","?","E","T","E","M","R","M","M","R","BOSS","M","M","?","?","$","R","E","R","T","M","R","E","M","E","R","BOSS"],"build_version":"2022-12-18","purchased_purges":2,"victory":true,"max_hp_per_floor":[68,68,68,68,68,68,68,68,68,68,68,68,68,68,68,68,68,68,68,68,68,68,68,68,68,68,68,68,68,68,68,68,68,68,68,68,68,68,68,68,68,68,68,68,68,68,68,68,68,68],"card_choices":[{"not_picked":["Steam","Go for the Eyes"],"picked":"Genetic Algorithm","floor":1.0},{"not_picked":["Heatsinks","Melter"],"picked":"Leap","floor":2.0},{"not_picked":["Hologram","Gash"],"picked":"Cold Snap","floor":3.0},{"not_picked":["Double Energy","FTL"],"picked":"Ball Lightning","floor":4.0},{"not_picked":["Chaos","Hologram"],"picked":"Electrodynamics","floor":7.0},{"not_picked":["Lockon","Double Energy"],"picked":"Hologram","floor":8.0},{"not_picked":["Conserve Battery","Undo"],"picked":"Chill","floor":11.0},{"not_picked":["Steam","Blizzard","Reinforced Body"],"picked":"SKIP","floor":14.0},{"not_picked":["Stack","Hologram+1"],"picked":"Rebound","floor":18.0},{"not_picked":["Scrape+1","Conserve Battery"],"picked":"Cold Snap","floor":21.0},{"not_picked":["Fusion+1","Lockon"],"picked":"Coolheaded+1","floor":22.0},{"not_picked":["Undo","Streamline"],"picked":"Turbo","floor":25.0},{"not_picked":["Rebound+1","Redo","Go for the Eyes"],"picked":"SKIP","floor":27.0},{"not_picked":["Hologram","Multi-Cast","Conserve Battery"],"picked":"SKIP","floor":28.0},{"not_picked":["Rebound","Compile Driver"],"picked":"Ball Lightning","floor":29.0},{"not_picked":["Reprogram","Aggregate","Steam"],"picked":"SKIP","floor":30.0},{"not_picked":["Sweeping Beam","Streamline","All For One"],"picked":"SKIP","floor":31.0},{"not_picked":["Reinforced Body","Cold Snap"],"picked":"Chill","floor":32.0},{"not_picked":["Amplify","Core Surge"],"picked":"Creative AI","floor":33.0},{"not_picked":["Leap","Reinforced Body+1"],"picked":"Coolheaded+1","floor":35.0},{"not_picked":["Sweeping Beam","Leap","Fusion"],"picked":"SKIP","floor":36.0},{"not_picked":["Madness","Impatience"],"picked":"Apotheosis","floor":37.0},{"not_picked":["Trip","Secret Weapon"],"picked":"Secret Technique","floor":37.0},{"not_picked":["Gash+1","Sweeping Beam+1","Ball Lightning+1"],"picked":"SKIP","floor":41},{"not_picked":["Conserve Battery","Leap"],"picked":"Coolheaded","floor":44},{"not_picked":["Hologram+1","Genetic Algorithm+1","Melter+1"],"picked":"SKIP","floor":46},{"not_picked":["BootSequence","Compile Driver","Genetic Algorithm"],"picked":"SKIP","floor":47},{"not_picked":["Streamline+1","Barrage","Compile Driver+1"],"picked":"SKIP","floor":48}],"player_experience":1081488,"relics_obtained":[{"floor":7.0,"key":"StrikeDummy"},{"floor":9.0,"key":"Oddly Smooth Stone"},{"floor":14.0,"key":"Dream Catcher"},{"floor":25.0,"key":"DataDisk"},{"floor":27.0,"key":"Centennial Puzzle"},{"floor":38,"key":"Peace Pipe"},{"floor":41,"key":"Ancient Tea Set"},{"floor":43,"key":"Happy Flower"},{"floor":46,"key":"Lantern"},{"floor":48,"key":"Akabeko"}],"event_choices":[{"cards_removed":["Defend_B"],"damage_healed":0.0,"max_hp_gain":0.0,"max_hp_loss":0.0,"gold_gain":0.0,"event_name":"The Cleric","player_choice":"Card Removal","floor":5.0,"gold_loss":50.0,"damage_taken":0.0},{"cards_removed":["Strike_B"],"damage_healed":0.0,"max_hp_gain":0.0,"max_hp_loss":0.0,"gold_gain":0.0,"event_name":"Golden Wing","player_choice":"Card Removal","floor":12.0,"gold_loss":0.0,"damage_taken":7.0},{"damage_healed":0.0,"max_hp_gain":0.0,"max_hp_loss":0.0,"gold_gain":0.0,"event_name":"Ghosts","player_choice":"Ignored","floor":19.0,"gold_loss":0.0,"damage_taken":0.0},{"damage_healed":0.0,"max_hp_gain":0.0,"max_hp_loss":0.0,"gold_gain":0.0,"cards_transformed":["Defend_B","Defend_B"],"event_name":"Drug Dealer","player_choice":"Became Test Subject","floor":24.0,"gold_loss":0.0,"damage_taken":0.0,"cards_obtained":["Echo Form","Steam"]},{"damage_healed":0.0,"max_hp_gain":0.0,"max_hp_loss":0.0,"gold_gain":0.0,"event_name":"SensoryStone","player_choice":"Memory 2","floor":37.0,"gold_loss":0.0,"damage_taken":5.0},{"damage_healed":0.0,"max_hp_gain":0.0,"max_hp_loss":0.0,"gold_gain":0.0,"event_name":"MindBloom","player_choice":"Fight","floor":38.0,"gold_loss":0.0,"damage_taken":0.0}],"is_beta":false,"boss_relics":[{"not_picked":["Busted Crown","Nuclear Battery"],"picked":"FrozenCore"},{"not_picked":["Pandora\u0027s Box","SacredBark"],"picked":"Cursed Key"}],"items_purged_floors":[10,20],"is_endless":false,"potions_floor_spawned":[2,7,8,16,21,27,30,33,35,38],"ascension_level":2}