{"gold_per_floor":[110,126,126,126,139,164,164,178,202,202,212,241,241,254,254,355,355,370,384,484,502,502,502,512,544,544,556,326,343,359,389,389,494,494,507,526,526,62,73,106,117,147,147,159,59,59,59,75,75,75,75,75,26,54,54],"floor_reached":55,"playtime":5382,"items_purged":["Regret","Regret"],"score":812,"play_id":"e96bac98-fa60-496e-8eb1-e2ec4e6e1f6d","local_time":"20240516214809","is_ascension_mode":true,"campfire_choices":[{"data":"Apotheosis","floor":7.0,"key":"SMITH"},{"data":"White Noise","floor":10.0,"key":"SMITH"},{"floor":15.0,"key":"REST"},{"floor":23.0,"key":"REST"},{"floor":32.0,"key":"REST"},{"floor":46,"key":"REST"},{"floor":49,"key":"RECALL"},{"data":"Creative AI","floor":52,"key":"SMITH"}],"neow_cost":"TEN_PERCENT_HP_LOSS","seed_source_timestamp":49297295414100,"circlet_count":0,"master_deck":["Strike_B","Strike_B","Defend_B","Defend_B","Apotheosis+1","Hologram","Rebound","FTL","Defend_B","Beam Cell","Scrape","White Noise+1","Go for the Eyes","Steam","Echo Form","Beam Cell","Glacier","Conserve Battery","FTL","Turbo","Steam","Echo Form","White Noise+1","Force Field+1","Streamline+1","Creative AI+1"],"special_seed":0,"relics":["Cracked Core","Toy Ornithopter","Blood Vial","Juzu Bracelet","Gambling Chip","Cursed Key","Red Mask","White Beast Statue","Happy Flower","Art of War","Empty Cage","TungstenRod","Orrery","Vajra","Nunchaku","DataDisk"],"potions_floor_usage":[36,39,48,50,50,55,55],"damage_taken":[{"damage":6.0,"enemies":"Cultist","floor":1.0,"turns":3.0},{"damage":0.0,"enemies":"Jaw Worm","floor":2.0,"turns":3.0},{"damage":0.0,"enemies":"2 Louse","floor":5.0,"turns":4.0},{"damage":16.0,"enemies":"3 Sentries","floor":6.0,"turns":7.0},{"damage":0.0,"enemies":"Large Slime","floor":8.0,"turns":3.0},{"damage":11.0,"enemies":"Exordium Thugs","floor":11.0,"turns":4.0},{"damage":2.0,"enemies":"Lagavulin","floor":12.0,"turns":5.0},{"damage":0.0,"enemies":"2 Fungi Beasts","floor":14.0,"turns":2.0},{"damage":17.0,"enemies":"Slime Boss","floor":16.0,"turns":6.0},{"damage":8.0,"enemies":"Shell Parasite","floor":18.0,"turns":5.0},{"damage":13.0,"enemies":"Spheric Guardian","floor":19.0,"turns":4.0},{"damage":40.0,"enemies":"Shelled Parasite and Fungi","floor":21.0,"turns":4.0},{"damage":10.0,"enemies":"3 Cultists","floor":24.0,"turns":4.0},{"damage":22.0,"enemies":"Masked Bandits","floor":25.0,"turns":6.0},{"damage":1.0,"enemies":"Sentry and Sphere","floor":27.0,"turns":6.0},{"damage":6.0,"enemies":"Snecko","floor":29.0,"turns":7.0},{"damage":2.0,"enemies":"Chosen and Byrds","floor":30.0,"turns":6.0},{"damage":0.0,"enemies":"Gremlin Leader","floor":31.0,"turns":7.0},{"damage":17.0,"enemies":"Collector","floor":33.0,"turns":11.0},{"damage":5.0,"enemies":"3 Darklings","floor":35.0,"turns":6.0},{"damage":19,"enemies":"3 Shapes","floor":36,"turns":6},{"damage":3,"enemies":"Jaw Worm Horde","floor":39,"turns":4},{"damage":7,"enemies":"Nemesis","floor":40,"turns":9},{"damage":0,"enemies":"Maw","floor":41,"turns":8},{"damage":22,"enemies":"Reptomancer","floor":42,"turns":9},{"damage":10,"enemies":"Sphere and 2 Shapes","floor":44,"turns":10},{"damage":13,"enemies":"Spire Growth","floor":48,"turns":5},{"damage":21,"enemies":"Donu and Deca","floor":50,"turns":8},{"damage":23,"enemies":"Shield and Spear","floor":54,"turns":8},{"damage":80,"enemies":"The Heart","floor":55,"turns":5}],"seed_played":"136039175817442520","potions_obtained":[{"floor":1.0,"key":"Block Potion"},{"floor":2.0,"key":"DuplicationPotion"},{"floor":8.0,"key":"PotionOfCapacity"},{"floor":11.0,"key":"LiquidMemories"},{"floor":16.0,"key":"EntropicBrew"},{"floor":18.0,"key":"Fruit Juice"},{"floor":21.0,"key":"Energy Potion"},{"floor":29.0,"key":"Explosive Potion"},{"floor":30.0,"key":"LiquidBronze"},{"floor":31.0,"key":"SteroidPotion"},{"floor":33.0,"key":"PotionOfCapacity"},{"floor":35.0,"key":"SkillPotion"},{"floor":36,"key":"ColorlessPotion"},{"floor":39,"key":"Weak Potion"},{"floor":40,"key":"Regen Potion"},{"floor":41,"key":"LiquidMemories"},{"floor":48,"key":"PotionOfCapacity"},{"floor":54,"key":"CultistPotion"}],"is_trial":false,"path_per_floor":["M","M","?","?","M","E","R","M","T","R","M","E","?","M","R","B",null,"M","M","?","M","?","R","M","?","T","M","$","M","M","E","R","B",null,"M","M","?","$","M","E","M","E","T","M","$","R","$","M","R","B",null,"R","$","E","B"],"character_chosen":"DEFECT","items_purchased":["Happy Flower","TungstenRod","Orrery","Strength Potion"],"campfire_rested":4,"item_purchase_floors":[28,38,38,53],"current_hp_per_floor":[62,62,62,62,62,46,46,46,46,46,37,37,30,32,52,37,68,62,55,55,27,27,48,40,30,30,31,31,32,37,39,60,55,73,68,54,54,54,58,53,55,35,35,27,27,48,48,42,42,48,73,73,73,50,0],"gold":54,"neow_bonus":"RANDOM_COLORLESS_2","is_prod":false,"is_daily":false,"chose_seed":false,"campfire_upgraded":3,"win_rate":0,"timestamp":1715921289,"path_taken":["M","M","?","?","M","E","R","M","T","R","M","E","?","M","R","BOSS","M","M","?","M","?","R","M","?","T","M","$","M","M","E","R","BOSS","M","M","?","$","M","E","M","E","T","M","$","R","?","M","R","BOSS","R","$","E","BOSS"],"build_version":"2022-12-18","purchased_purges":2,"victory":false,"max_hp_per_floor":[68,68,68,68,68,68,68,68,68,68,68,68,68,68,68,68,68,68,68,68,73,73,73,73,73,73,73,73,73,73,73,73,73,73,73,73,73,73,73,73,73,73,73,73,73,73,73,73,73,73,73,73,73,73,73],"card_choices":[{"not_picked":["Metamorphosis","Secret Technique"],"picked":"Apotheosis","floor":0.0},{"not_picked":["Chill","BootSequence"],"picked":"Hologram","floor":1.0},{"not_picked":["Redo","Storm"],"picked":"Rebound","floor":2.0},{"not_picked":["Fusion","BootSequence"],"picked":"Beam Cell","floor":5.0},{"not_picked":["Go for the Eyes","Capacitor"],"picked":"Scrape","floor":6.0},{"not_picked":["BootSequence","Darkness"],"picked":"White Noise","floor":8.0},{"not_picked":["Gash","White Noise"],"picked":"Go for the Eyes","floor":11.0},{"not_picked":["Chaos","Skim","Aggregate"],"picked":"SKIP","floor":12.0},{"not_picked":["Hello World","FTL"],"picked":"Steam","floor":14.0},{"not_picked":["Core Surge","Seek"],"picked":"Echo Form","floor":16.0},{"not_picked":["Steam","Sweeping Beam","Lockon"],"picked":"SKIP","floor":18.0},{"not_picked":["Redo","Scrape+1","Doom and Gloom+1"],"picked":"SKIP","floor":19.0},{"not_picked":["Storm","Gash","Fission"],"picked":"SKIP","floor":21.0},{"not_picked":["Rebound+1","Barrage"],"picked":"Conserve Battery","floor":24.0},{"not_picked":["Auto Shields","Tempest+1"],"picked":"FTL","floor":25.0},{"not_picked":["Steam Power+1","Streamline"],"picked":"Turbo","floor":27.0},{"not_picked":["Auto Shields","Redo+1"],"picked":"Steam","floor":29.0},{"not_picked":["Self Repair","Streamline","Scrape"],"picked":"SKIP","floor":30.0},{"not_picked":["Gash","Consume+1","Hologram"],"picked":"SKIP","floor":31.0},{"not_picked":["Biased Cognition","Thunder Strike"],"picked":"Echo Form","floor":33.0},{"not_picked":["Sunder+1","Ball Lightning"],"picked":"White Noise+1","floor":35.0},{"not_picked":["Doom and Gloom+1","Gash+1","White Noise+1"],"picked":"SKIP","floor":36},{"not_picked":["Steam+1","Recycle+1"],"picked":"Force Field+1","floor":38},{"not_picked":["Cold Snap","Sunder+1","Beam Cell"],"picked":"SKIP","floor":39},{"not_picked":["Steam","Go for the Eyes","Compile Driver"],"picked":"SKIP","floor":40},{"not_picked":["Leap+1","Ball Lightning","Gash"],"picked":"SKIP","floor":41},{"not_picked":["Auto Shields","Streamline+1","Conserve Battery"],"picked":"SKIP","floor":42},{"not_picked":["Auto Shields","Conserve Battery"],"picked":"Streamline+1","floor":42},{"not_picked":["Compile Driver+1","Turbo+1","Fusion"],"picked":"SKIP","floor":44},{"not_picked":["Hologram","Compile Driver+1"],"picked":"Creative AI","floor":48},{"not_picked":["Ball Lightning+1","Rebound","Hyperbeam"],"picked":"SKIP","floor":54}],"player_experience":1115673,"relics_obtained":[{"floor":6.0,"key":"Toy Ornithopter"},{"floor":9.0,"key":"Blood Vial"},{"floor":12.0,"key":"Juzu Bracelet"},{"floor":25.0,"key":"Red Mask"},{"floor":26.0,"key":"White Beast Statue"},{"floor":31.0,"key":"Art of War"},{"floor":40,"key":"Vajra"},{"floor":42,"key":"Nunchaku"},{"floor":54,"key":"DataDisk"}],"event_choices":[{"damage_healed":0.0,"max_hp_gain":0.0,"max_hp_loss":0.0,"gold_gain":0.0,"cards_transformed":["Strike_B"],"event_name":"Living Wall","player_choice":"Change","floor":3.0,"gold_loss":0.0,"damage_taken":0.0,"cards_obtained":["FTL"]},{"cards_removed":["Defend_B"],"damage_healed":0.0,"max_hp_gain":0.0,"max_hp_loss":0.0,"gold_gain":0.0,"event_name":"NoteForYourself","player_choice":"Took Card","floor":4.0,"gold_loss":0.0,"damage_taken":0.0,"cards_obtained":["Defend_B"]},{"damage_healed":0.0,"max_hp_gain":0.0,"max_hp_loss":0.0,"gold_gain":0.0,"event_name":"Scrap Ooze","player_choice":"Success","floor":13.0,"gold_loss":0.0,"damage_taken":7.0,"relics_obtained":["Gambling Chip"]},{"damage_healed":0.0,"max_hp_gain":0.0,"max_hp_loss":0.0,"gold_gain":100.0,"event_name":"Golden Shrine","player_choice":"Pray","floor":20.0,"gold_loss":0.0,"damage_taken":0.0},{"damage_healed":0.0,"max_hp_gain":0.0,"max_hp_loss":0.0,"gold_gain":0.0,"cards_transformed":["Zap","Dualcast"],"event_name":"Drug Dealer","player_choice":"Became Test Subject","floor":22.0,"gold_loss":0.0,"damage_taken":0.0,"cards_obtained":["Beam Cell","Glacier"]},{"damage_healed":0.0,"max_hp_gain":0.0,"max_hp_loss":0.0,"gold_gain":0.0,"event_name":"Masked Bandits","player_choice":"Fought Bandits","floor":25.0,"gold_loss":0.0,"damage_taken":0.0},{"damage_healed":0,"gold_gain":0,"player_choice":"Ignored","damage_taken":0,"max_hp_gain":0,"max_hp_loss":0,"event_name":"SecretPortal","floor":37,"gold_loss":0}],"is_beta":false,"boss_relics":[{"not_picked":["Philosopher\u0027s Stone","FrozenCore"],"picked":"Cursed Key"},{"not_picked":["Fusion Hammer","Velvet Choker"],"picked":"Empty Cage"}],"items_purged_floors":[28,45],"is_endless":false,"potions_floor_spawned":[1,2,8,11,16,18,21,25,27,29,30,31,33,35,36,39,40,41,42,44,48,54],"killed_by":"The Heart","ascension_level":2}