{"gold_per_floor":[12,12,30,105,122,122,135,166,189,189,214,230,110,137,137,234,234,251,266,281,281,281,316,316,344,391,401,427,439,458,373,373,474,474,486,46,63,80,96,96,127,127,152,152,152,166,198,211,211,211],"floor_reached":51,"playtime":3517,"items_purged":["Strike_B"],"score":1000,"play_id":"6921cfa9-1c66-4818-b553-8bc72b2223f4","local_time":"20240509181043","is_ascension_mode":true,"campfire_choices":[{"data":"Seek","floor":6.0,"key":"SMITH"},{"data":"Fission","floor":10.0,"key":"SMITH"},{"floor":15.0,"key":"REST"},{"data":"Chaos","floor":24.0,"key":"SMITH"},{"data":"Creative AI","floor":32.0,"key":"SMITH"},{"data":"Biased Cognition","floor":40,"key":"SMITH"},{"data":"Ghostly","floor":42,"key":"SMITH"},{"data":"Ghostly","floor":44,"key":"SMITH"},{"data":"Fission","floor":49,"key":"SMITH"}],"neow_cost":"NO_GOLD","seed_source_timestamp":0,"circlet_count":0,"master_deck":["Strike_B","Strike_B","Defend_B","Defend_B","Defend_B","Zap","Dualcast","Seek+1","Steam","Rip and Tear","Chaos+1","Electrodynamics","Fission+1","Loop","Coolheaded","Redo","Meteor Strike","Conserve Battery","Ball Lightning+1","Ghostly+1","Ghostly+1","Ghostly+1","Ghostly","Ghostly","Loop","Steam Power","Coolheaded","Ball Lightning+1","Creative AI+1","Biased Cognition+1","Hologram+1","Fission+1"],"special_seed":0,"relics":["Cracked Core","Toy Ornithopter","Vajra","Lantern","Blue Candle","Coffee Dripper","Darkstone Periapt","Potion Belt","Centennial Puzzle","StrikeDummy","Runic Pyramid","Incense Burner","DataDisk","StoneCalendar","Bronze Scales","Blood Vial"],"potions_floor_usage":[41,46,50,50],"damage_taken":[{"damage":1.0,"enemies":"Cultist","floor":1.0,"turns":3.0},{"damage":5.0,"enemies":"Small Slimes","floor":3.0,"turns":3.0},{"damage":0.0,"enemies":"2 Louse","floor":5.0,"turns":2.0},{"damage":8.0,"enemies":"Blue Slaver","floor":7.0,"turns":4.0},{"damage":14.0,"enemies":"Gremlin Nob","floor":8.0,"turns":3.0},{"damage":8.0,"enemies":"Lagavulin","floor":11.0,"turns":7.0},{"damage":1.0,"enemies":"2 Fungi Beasts","floor":12.0,"turns":3.0},{"damage":2.0,"enemies":"3 Sentries","floor":14.0,"turns":4.0},{"damage":4.0,"enemies":"The Guardian","floor":16.0,"turns":11.0},{"damage":0.0,"enemies":"3 Byrds","floor":18.0,"turns":2.0},{"damage":5.0,"enemies":"Spheric Guardian","floor":19.0,"turns":5.0},{"damage":0.0,"enemies":"3 Cultists","floor":20.0,"turns":5.0},{"damage":0.0,"enemies":"Gremlin Leader","floor":23.0,"turns":6.0},{"damage":0.0,"enemies":"Book of Stabbing","floor":25.0,"turns":6.0},{"damage":0.0,"enemies":"Snecko","floor":27.0,"turns":6.0},{"damage":0.0,"enemies":"Gremlin Leader","floor":28.0,"turns":5.0},{"damage":2.0,"enemies":"Cultist and Chosen","floor":29.0,"turns":5.0},{"damage":0.0,"enemies":"Snake Plant","floor":30.0,"turns":4.0},{"damage":26.0,"enemies":"Champ","floor":33.0,"turns":12.0},{"damage":1.0,"enemies":"Orb Walker","floor":35.0,"turns":3.0},{"damage":0.0,"enemies":"3 Darklings","floor":37.0,"turns":3.0},{"damage":0,"enemies":"Sphere and 2 Shapes","floor":38,"turns":5},{"damage":17,"enemies":"Transient","floor":39,"turns":5},{"damage":0,"enemies":"Nemesis","floor":41,"turns":7},{"damage":4,"enemies":"Spire Growth","floor":46,"turns":4},{"damage":0,"enemies":"Reptomancer","floor":47,"turns":7},{"damage":2,"enemies":"Jaw Worm Horde","floor":48,"turns":3},{"damage":25,"enemies":"Awakened One","floor":50,"turns":12}],"seed_played":"-2625374354830615578","potions_obtained":[{"floor":7.0,"key":"Energy Potion"},{"floor":8.0,"key":"Block Potion"},{"floor":12.0,"key":"EssenceOfSteel"},{"floor":14.0,"key":"BlessingOfTheForge"},{"floor":16.0,"key":"Block Potion"},{"floor":18.0,"key":"PowerPotion"},{"floor":20.0,"key":"Explosive Potion"},{"floor":25.0,"key":"FearPotion"},{"floor":28.0,"key":"SteroidPotion"},{"floor":30.0,"key":"Regen Potion"},{"floor":35.0,"key":"DuplicationPotion"},{"floor":37,"key":"Dexterity Potion"},{"floor":39,"key":"EntropicBrew"}],"is_trial":false,"path_per_floor":["M","$","M","?","M","R","M","E","T","R","E","M","$","E","R","B",null,"M","M","M","?","?","E","R","E","T","M","E","M","M","?","R","B",null,"M","$","M","M","M","R","E","R","T","R","?","M","E","M","R","B",null],"character_chosen":"DEFECT","items_purchased":["Coolheaded","Incense Burner","DataDisk"],"campfire_rested":1,"item_purchase_floors":[13,36,36],"current_hp_per_floor":[74,74,69,58,58,58,50,36,36,36,33,32,32,35,57,58,75,75,70,70,37,37,37,37,37,37,37,37,35,35,35,35,11,37,36,36,36,36,19,19,37,37,37,37,37,33,33,33,33,20],"gold":211,"neow_bonus":"THREE_RARE_CARDS","is_prod":false,"is_daily":false,"chose_seed":false,"campfire_upgraded":8,"win_rate":0,"timestamp":1715303443,"path_taken":["M","?","M","?","M","R","M","E","T","R","E","M","$","E","R","BOSS","M","M","M","?","?","E","R","E","T","M","E","M","M","?","R","BOSS","M","$","M","M","M","R","E","R","T","R","?","?","E","M","R","BOSS"],"build_version":"2022-12-18","purchased_purges":1,"victory":true,"max_hp_per_floor":[75,75,75,75,75,75,75,75,75,75,75,75,75,75,75,75,75,75,75,75,37,37,37,37,37,37,37,37,37,37,37,37,37,37,37,37,37,37,37,37,37,37,37,37,37,37,37,37,37,37],"card_choices":[{"not_picked":["Multi-Cast","Machine Learning"],"picked":"Seek","floor":0.0},{"not_picked":["Coolheaded","Sweeping Beam"],"picked":"Steam","floor":1.0},{"not_picked":["Coolheaded","Rebound"],"picked":"Rip and Tear","floor":3.0},{"not_picked":["Auto Shields","Stack"],"picked":"Chaos","floor":5.0},{"not_picked":["Chill","Redo"],"picked":"Electrodynamics","floor":7.0},{"not_picked":["BootSequence","Stack"],"picked":"Fission","floor":8.0},{"not_picked":["Amplify","Reprogram","Barrage"],"picked":"SKIP","floor":11.0},{"not_picked":["Self Repair","Force Field"],"picked":"Loop","floor":12.0},{"not_picked":["Reprogram","Skim"],"picked":"Redo","floor":14.0},{"not_picked":["Fission","All For One"],"picked":"Meteor Strike","floor":16.0},{"not_picked":["Heatsinks","Static Discharge+1"],"picked":"Conserve Battery","floor":18.0},{"not_picked":["Gash","Cold Snap+1","Streamline"],"picked":"SKIP","floor":19.0},{"not_picked":["Sunder","Blizzard"],"picked":"Ball Lightning+1","floor":20.0},{"not_picked":["Leap","Core Surge","Reprogram+1"],"picked":"SKIP","floor":23.0},{"not_picked":["Leap","Core Surge","Reprogram+1"],"picked":"SKIP","floor":23.0},{"not_picked":["Stack","Static Discharge"],"picked":"Coolheaded","floor":25.0},{"not_picked":["Steam","Barrage"],"picked":"Ball Lightning+1","floor":27.0},{"not_picked":["Barrage","Double Energy+1","Hologram"],"picked":"SKIP","floor":28.0},{"not_picked":["Streamline","Barrage+1"],"picked":"Creative AI","floor":29.0},{"not_picked":["Coolheaded","Ball Lightning","Beam Cell"],"picked":"SKIP","floor":30.0},{"not_picked":["Reboot","Thunder Strike"],"picked":"Biased Cognition","floor":33.0},{"not_picked":["Cold Snap+1","Rebound+1","Reprogram"],"picked":"SKIP","floor":35.0},{"not_picked":["Redo","Gash+1","Sweeping Beam+1"],"picked":"SKIP","floor":37},{"not_picked":["Sweeping Beam+1","Hyperbeam","Streamline+1"],"picked":"SKIP","floor":38},{"not_picked":["Consume","Beam Cell+1"],"picked":"Hologram+1","floor":39},{"not_picked":["Melter+1","Sweeping Beam+1","Heatsinks+1"],"picked":"SKIP","floor":41},{"not_picked":["Heatsinks+1","Barrage","Scrape"],"picked":"SKIP","floor":46},{"not_picked":["Steam","Hologram","Cold Snap+1"],"picked":"SKIP","floor":47},{"not_picked":["Gash","Melter"],"picked":"Fission","floor":48}],"player_experience":1106882,"relics_obtained":[{"floor":8.0,"key":"Toy Ornithopter"},{"floor":9.0,"key":"Vajra"},{"floor":11.0,"key":"Lantern"},{"floor":14.0,"key":"Blue Candle"},{"floor":23.0,"key":"Darkstone Periapt"},{"floor":25.0,"key":"Potion Belt"},{"floor":28.0,"key":"Centennial Puzzle"},{"floor":41,"key":"StoneCalendar"},{"floor":43,"key":"Bronze Scales"},{"floor":47,"key":"Blood Vial"}],"event_choices":[{"damage_healed":0.0,"max_hp_gain":0.0,"max_hp_loss":0.0,"gold_gain":75.0,"event_name":"World of Goop","player_choice":"Gather Gold","floor":4.0,"gold_loss":0.0,"damage_taken":11.0},{"damage_healed":0.0,"max_hp_gain":0.0,"max_hp_loss":38.0,"gold_gain":0.0,"event_name":"Ghosts","player_choice":"Became a Ghost","floor":21.0,"gold_loss":0.0,"damage_taken":0.0,"cards_obtained":["Ghostly","Ghostly","Ghostly","Ghostly","Ghostly"]},{"damage_healed":0.0,"max_hp_gain":0.0,"max_hp_loss":0.0,"gold_gain":0.0,"cards_transformed":["Strike_B","Defend_B"],"event_name":"Drug Dealer","player_choice":"Became Test Subject","floor":22.0,"gold_loss":0.0,"damage_taken":0.0,"cards_obtained":["Loop","Steam Power"]},{"damage_healed":0.0,"max_hp_gain":0.0,"max_hp_loss":0.0,"gold_gain":0.0,"event_name":"Addict","player_choice":"Obtained Relic","floor":31.0,"gold_loss":85.0,"damage_taken":0.0,"relics_obtained":["StrikeDummy"]},{"damage_healed":0,"gold_gain":0,"player_choice":"Upgraded","damage_taken":0,"max_hp_gain":0,"max_hp_loss":0,"event_name":"Upgrade Shrine","floor":45,"gold_loss":0,"cards_upgraded":["Ghostly"]}],"is_beta":false,"boss_relics":[{"not_picked":["Runic Dome","Sozu"],"picked":"Coffee Dripper"},{"not_picked":["Velvet Choker","Fusion Hammer"],"picked":"Runic Pyramid"}],"items_purged_floors":[13],"is_endless":false,"potions_floor_spawned":[7,8,12,14,16,18,20,25,28,30,35,37,39],"ascension_level":2}