{"gold_per_floor":[116,116,128,147,157,157,187,187,187,187,187,217,217,251,251,347,347,366,108,123,142,142,142,176,76,128,162,7,7,21,31,31,126,126,142,162,162,176,189,189,199,230,230,259,272,272,298,315,315,315,315,315,68,102,102],"floor_reached":56,"playtime":5281,"items_purged":["Strike_B","Defend_B"],"score":1372,"play_id":"bf994a03-0fd1-4d5a-b7bb-f5c6c28b8e21","local_time":"20240527123506","is_ascension_mode":true,"campfire_choices":[{"data":"Dualcast","floor":6.0,"key":"SMITH"},{"data":"Defend_B","floor":11.0,"key":"PURGE"},{"data":"Hologram","floor":13.0,"key":"SMITH"},{"data":"Coolheaded","floor":15.0,"key":"SMITH"},{"data":"Buffer","floor":23.0,"key":"SMITH"},{"data":"Echo Form","floor":29.0,"key":"SMITH"},{"data":"Defend_B","floor":32.0,"key":"PURGE"},{"floor":40.0,"key":"REST"},{"data":"Aggregate","floor":46.0,"key":"SMITH"},{"floor":49.0,"key":"RECALL"},{"data":"Reboot","floor":52.0,"key":"SMITH"}],"neow_cost":"NONE","seed_source_timestamp":0,"circlet_count":0,"master_deck":["Strike_B","Strike_B","Defend_B","Zap+1","Dualcast+1","Conserve Battery","Doom and Gloom","Coolheaded+1","Compile Driver","Self Repair","Hologram+1","Chill","Echo Form+1","CurseOfTheBell","Hologram+1","FTL","Buffer+1","Redo+1","Coolheaded","FTL","Cold Snap","Creative AI+1","Steam Power+1","Reboot+1","Fusion+1","Aggregate+1","Go for the Eyes+1","Chrysalis"],"special_seed":0,"relics":["FrozenCore","Cables","Peace Pipe","Calipers","Ornamental Fan","Pen Nib","Calling Bell","Centennial Puzzle","Pear","Unceasing Top","ClockworkSouvenir","Blood Vial","Anchor","Medical Kit","Question Card","Ginger","PreservedInsect","Meat on the Bone","Orichalcum"],"potions_floor_usage":[54,55,55],"damage_taken":[{"damage":9.0,"enemies":"2 Louse","floor":1.0,"turns":2.0},{"damage":10.0,"enemies":"Small Slimes","floor":3.0,"turns":2.0},{"damage":0.0,"enemies":"Cultist","floor":4.0,"turns":3.0},{"damage":2.0,"enemies":"Red Slaver","floor":5.0,"turns":3.0},{"damage":2.0,"enemies":"Gremlin Nob","floor":7.0,"turns":3.0},{"damage":8.0,"enemies":"Lagavulin","floor":12.0,"turns":5.0},{"damage":18.0,"enemies":"Gremlin Nob","floor":14.0,"turns":4.0},{"damage":3.0,"enemies":"Hexaghost","floor":16.0,"turns":7.0},{"damage":4.0,"enemies":"Shell Parasite","floor":18.0,"turns":8.0},{"damage":0.0,"enemies":"Spheric Guardian","floor":20.0,"turns":3.0},{"damage":8.0,"enemies":"Cultist and Chosen","floor":21.0,"turns":7.0},{"damage":6.0,"enemies":"Book of Stabbing","floor":24.0,"turns":6.0},{"damage":39.0,"enemies":"Slavers","floor":27.0,"turns":10.0},{"damage":6.0,"enemies":"Snake Plant","floor":30.0,"turns":3.0},{"damage":0.0,"enemies":"Centurion and Healer","floor":31.0,"turns":7.0},{"damage":9.0,"enemies":"Champ","floor":33.0,"turns":10.0},{"damage":0.0,"enemies":"Orb Walker","floor":35.0,"turns":5.0},{"damage":19.0,"enemies":"3 Darklings","floor":36.0,"turns":7.0},{"damage":13.0,"enemies":"Transient","floor":38.0,"turns":5.0},{"damage":40.0,"enemies":"Writhing Mass","floor":39.0,"turns":9.0},{"damage":0.0,"enemies":"Sphere and 2 Shapes","floor":41.0,"turns":13.0},{"damage":7.0,"enemies":"Giant Head","floor":42.0,"turns":11.0},{"damage":26.0,"enemies":"Reptomancer","floor":44.0,"turns":8.0},{"damage":25.0,"enemies":"Transient","floor":45.0,"turns":5.0},{"damage":2.0,"enemies":"Giant Head","floor":47.0,"turns":9.0},{"damage":0.0,"enemies":"Maw","floor":48.0,"turns":9.0},{"damage":48.0,"enemies":"Awakened One","floor":50.0,"turns":21.0},{"damage":9,"enemies":"Shield and Spear","floor":54,"turns":8},{"damage":64,"enemies":"The Heart","floor":55,"turns":12}],"seed_played":"-4328630941962556071","potions_obtained":[{"floor":4.0,"key":"LiquidBronze"},{"floor":12.0,"key":"Energy Potion"},{"floor":16.0,"key":"SpeedPotion"},{"floor":18.0,"key":"EntropicBrew"},{"floor":20.0,"key":"Ancient Potion"},{"floor":22.0,"key":"Fruit Juice"},{"floor":22.0,"key":"ColorlessPotion"},{"floor":24.0,"key":"BlessingOfTheForge"},{"floor":27.0,"key":"LiquidMemories"},{"floor":33.0,"key":"FocusPotion"},{"floor":36.0,"key":"Block Potion"},{"floor":38.0,"key":"CultistPotion"},{"floor":39.0,"key":"Block Potion"},{"floor":45.0,"key":"Energy Potion"}],"is_trial":false,"path_per_floor":["M","?","M","M","M","R","E","?","T","?","R","E","R","E","R","B",null,"M","$","M","M","?","R","E","$","T","E","$","R","M","M","R","B",null,"M","M","?","M","M","R","M","E","T","E","M","R","E","M","R","B",null,"R","$","E","B",null],"character_chosen":"DEFECT","items_purchased":["ClockworkSouvenir","FTL","Medical Kit","FocusPotion","Chrysalis"],"campfire_rested":1,"item_purchase_floors":[19,19,28,53,53],"current_hp_per_floor":[66,71,61,61,59,59,57,57,57,57,57,56,56,45,45,49,90,90,90,90,89,94,94,95,95,95,63,63,63,66,75,75,75,95,95,83,83,72,41,69,85,94,94,83,67,67,67,76,76,49,95,95,95,86,50],"gold":102,"neow_bonus":"UPGRADE_CARD","is_prod":false,"is_daily":false,"chose_seed":false,"campfire_upgraded":7,"win_rate":0,"timestamp":1716838506,"path_taken":["M","?","M","M","M","R","E","?","T","?","R","E","R","E","R","BOSS","M","$","M","M","?","R","E","?","T","E","$","R","?","M","R","BOSS","M","M","?","M","M","R","?","E","T","E","M","R","E","M","R","BOSS","R","$","E","BOSS"],"build_version":"2022-12-18","purchased_purges":2,"victory":true,"max_hp_per_floor":[75,80,80,80,80,80,80,80,80,80,80,80,80,80,80,80,90,90,90,90,90,95,95,95,95,95,95,95,95,95,95,95,95,95,95,95,95,95,95,95,95,95,95,95,95,95,95,95,95,95,95,95,95,95,95],"card_choices":[{"not_picked":["Stack","Turbo"],"picked":"Conserve Battery","floor":1.0},{"not_picked":["Auto Shields","Conserve Battery","Beam Cell"],"picked":"SKIP","floor":3.0},{"not_picked":["White Noise","Storm"],"picked":"Doom and Gloom","floor":4.0},{"not_picked":["Leap","Rebound"],"picked":"Coolheaded","floor":5.0},{"not_picked":["Aggregate","Chaos"],"picked":"Compile Driver","floor":7.0},{"not_picked":["Hyperbeam","Streamline"],"picked":"Hologram","floor":12.0},{"not_picked":["Sweeping Beam","Stack"],"picked":"Chill","floor":14.0},{"not_picked":["Meteor Strike","Creative AI"],"picked":"Echo Form","floor":16.0},{"not_picked":["Compile Driver","Turbo"],"picked":"Hologram+1","floor":18.0},{"not_picked":["Turbo+1","Ball Lightning"],"picked":"Buffer","floor":20.0},{"not_picked":["Beam Cell","Scrape+1"],"picked":"Redo+1","floor":21.0},{"not_picked":["Heatsinks+1","Meteor Strike"],"picked":"Coolheaded","floor":24.0},{"not_picked":["Redo","Steam Power"],"picked":"FTL","floor":27.0},{"not_picked":["Sunder+1","Reprogram","Beam Cell"],"picked":"SKIP","floor":30.0},{"not_picked":["Leap","FTL+1"],"picked":"Cold Snap","floor":31.0},{"not_picked":["Echo Form","Reboot"],"picked":"Creative AI","floor":33.0},{"not_picked":["Auto Shields+1","White Noise+1"],"picked":"Steam Power+1","floor":35.0},{"not_picked":["Coolheaded","Recycle","Cold Snap"],"picked":"SKIP","floor":36.0},{"not_picked":["Sweeping Beam","Redo","Streamline+1"],"picked":"SKIP","floor":38.0},{"not_picked":["Sweeping Beam","Redo","Streamline+1"],"picked":"SKIP","floor":38.0},{"not_picked":["Beam Cell+1","Chill"],"picked":"Reboot","floor":39.0},{"not_picked":["Conserve Battery","Streamline","Compile Driver"],"picked":"SKIP","floor":41.0},{"not_picked":["Blizzard","Capacitor+1"],"picked":"Fusion+1","floor":42.0},{"not_picked":["Static Discharge","Thunder Strike","Amplify"],"picked":"Aggregate","floor":44.0},{"not_picked":["Coolheaded","Force Field+1","Auto Shields+1"],"picked":"Go for the Eyes+1","floor":45.0},{"not_picked":["Lockon","Go for the Eyes+1","Gash","Hyperbeam"],"picked":"SKIP","floor":47.0},{"not_picked":["Steam Power+1","Heatsinks","Conserve Battery+1","Redo+1"],"picked":"SKIP","floor":48.0},{"not_picked":["Gash+1","Leap","Steam","Cold Snap"],"picked":"SKIP","floor":54}],"player_experience":1129662,"relics_obtained":[{"floor":7.0,"key":"Cables"},{"floor":9.0,"key":"Peace Pipe"},{"floor":12.0,"key":"Ornamental Fan"},{"floor":14.0,"key":"Pen Nib"},{"floor":17.0,"key":"Centennial Puzzle"},{"floor":17.0,"key":"Pear"},{"floor":17.0,"key":"Unceasing Top"},{"floor":24.0,"key":"Blood Vial"},{"floor":27.0,"key":"Anchor"},{"floor":42.0,"key":"Question Card"},{"floor":43.0,"key":"Ginger"},{"floor":44.0,"key":"PreservedInsect"},{"floor":47.0,"key":"Meat on the Bone"},{"floor":54,"key":"Orichalcum"}],"event_choices":[{"damage_healed":0.0,"max_hp_gain":5.0,"max_hp_loss":0.0,"gold_gain":0.0,"event_name":"Big Fish","player_choice":"Donut","floor":2.0,"gold_loss":0.0,"damage_taken":0.0},{"damage_healed":0.0,"max_hp_gain":0.0,"max_hp_loss":0.0,"gold_gain":0.0,"cards_transformed":["Strike_B"],"event_name":"Living Wall","player_choice":"Change","floor":8.0,"gold_loss":0.0,"damage_taken":0.0,"cards_obtained":["Self Repair"]},{"damage_healed":0.0,"max_hp_gain":0.0,"max_hp_loss":0.0,"gold_gain":0.0,"event_name":"Dead Adventurer","player_choice":"Searched \u00271\u0027 times","floor":10.0,"gold_loss":0.0,"damage_taken":0.0,"relics_obtained":["Calipers"]},{"damage_healed":0.0,"max_hp_gain":0.0,"max_hp_loss":0.0,"gold_gain":0.0,"event_name":"Lab","player_choice":"Got Potions","floor":22.0,"gold_loss":0.0,"damage_taken":0.0},{"damage_healed":0.0,"max_hp_gain":0.0,"max_hp_loss":0.0,"gold_gain":0.0,"event_name":"Accursed Blacksmith","player_choice":"Forge","floor":37.0,"gold_loss":0.0,"damage_taken":0.0,"cards_upgraded":["Creative AI"]}],"is_beta":false,"boss_relics":[{"not_picked":["Runic Pyramid","SlaversCollar"],"picked":"Calling Bell"},{"not_picked":["Sozu","Busted Crown"],"picked":"FrozenCore"}],"items_purged_floors":[19,25],"is_endless":false,"potions_floor_spawned":[4,12,16,18,20,24,27,33,36,38,39,45,48],"ascension_level":2}